2617 3909
184 221 247 285 142
496 223 684 274 rmpmor
702 223 885 276 αοαοκου

181 370 255 432 κατὰ
277 372 374 432 πάντα
397 371 452 433 ὅσα
474 369 513 431 διν
534 370 688 433 ἐντελεῖται
710 370 790 450 ὑμῖν,
836 371 916 433 ἔσται
939 368 971 433 δέ
998 381 1078 432 πᾶσα
1103 372 1203 453 ψυχή,

180 469 246 549 ήτις
268 467 307 530 διν
330 468 371 548 μή
394 467 509 552 άκούση
532 477 586 530 τοῦ
608 468 766 550 προφήτου
789 467 919 550 ἐκείνου,
945 468 1203 550 έξολοθρευθήσε-

181 591 229 629 ται
250 566 285 629 ἐτι
306 576 359 628 τοῦ
385 571 458 628 λαοῦ
485 566 586 647 αὐτῆς.
631 575 751 648 πρῶτον
778 565 832 646 μέν
854 566 910 649 γὰρ
933 566 1004 648 μετὰ
1026 566 1082 646 τήν
1103 589 1202 649 χειρο-

180 665 283 726 τονίαν
308 663 424 726 ἐκείνου
446 673 538 726 ταῦτα
560 667 680 746 Μωσής
707 665 818 738 ἔνθους
847 666 1004 747 γενόμενος
1030 663 1202 745 ἐθέσπισεν,

154 763 319 843 εδεάτερον
348 759 380 823 δέ
408 761 467 843 ὅτι,
498 762 526 823 εέ
556 761 610 842 μέν
638 761 654 824 6
682 771 736 825 τοῦ
762 762 855 842 Ναυὴ
889 769 961 837 παῖς
987 761 1118 844 ὑπερέβη
1146 762 1202 824 τὸν

180 857 311 940 Μωσέα,
339 861 473 922 πιθανὸν
501 857 554 939 μέν
576 859 609 922 τὸ
632 860 806 942 λεγόμενον,
833 861 889 924 οὐκ
911 858 1024 940 ἀληθές
1047 859 1091 922 δέ·
1115 861 1144 922 εἰ
1166 858 1200 922 δὲ

179 956 256 1018 πολὺ
279 958 371 1019 αὐτοῦ
393 957 616 1040 καταδεέστερος
636 950 686 1039 ήν,
709 957 841 1040 ἀδρανής
864 960 940 1038 αὕτη
963 957 983 1039 ή
1002 958 1103 1020 ἔννοια
1126 959 1200 1038 φαί-

179 1077 267 1116 νεται.
312 1057 411 1137 τρίτον
442 1054 475 1118 δέ
507 1056 553 1117 ὅτι
583 1054 654 1118 οὐδὲ
686 1055 854 1138 προσέθηκέ
880 1080 908 1117 τι
935 1063 975 1141 τῷ
997 1056 1095 1141 νόμῳ,
1124 1054 1200 1118 ἀλλὰ

179 1155 241 1227 τοῖς
263 1152 378 1216 έιιείνου
401 1152 606 1215 ἐπολιτεύσατο
628 1159 761 1233 θεσμοῖς.
806 1152 942 1234 τέταρτον
965 1151 998 1216 δέ
1020 1153 1119 1236 ἐχρῆν,
1138 1155 1200 1236 εἴγε

140 1271 166 1311 ιο
179 1249 246 1333 περὶ
272 1250 366 1314 αὐτοῦ
389 1243 428 1331 ήν
451 1251 467 1314 6
491 1250 591 1333 λόγος,
619 1251 713 1313 εἰπεῖν
735 1250 803 1312 οὐκ·
827 1250 1000 1331 ἀναστήσει,
1023 1245 1104 1312 ἀλλ’·
1128 1250 1200 1314 άνέ-

179 1367 293 1428 στησεν.
339 1348 472 1429 πέμπτον
494 1347 528 1411 δέ
550 1349 595 1412 ὅτι
617 1350 677 1412 ἔδει
699 1350 823 1431 φράσαι·
847 1349 926 1411 ἐσται
949 1348 981 1411 δέ
1001 1359 1082 1412 πᾶσα
1099 1350 1200 1430 ψυχή,

178 1447 244 1525 ήτις
269 1445 308 1509 διν
336 1447 377 1526 μή
405 1446 519 1531 άιιοάση
546 1456 600 1508 τοῦ
631 1447 789 1529 προφήτου
821 1447 941 1510 τούτου·
969 1448 1001 1509 τὸ
1029 1445 1061 1508 δέ
1088 1447 1199 1510 εἰπεῖν·

178 1543 308 1625 ἐκείνου,
339 1553 445 1606 τοῦτον
481 1545 701 1626 παρεγράψατο.
746 1544 832 1606 ἕκτον
864 1543 910 1626 δέ,
942 1554 1006 1619 πῶς
1037 1545 1111 1626 πρὸς
1144 1545 1200 1608 τὸν

175 1634 321 1720 Ἰωάννην
349 1641 420 1720 μετὰ
446 1641 556 1716 πολλὰς
587 1641 689 1724 γενεάς
716 1641 855 1724 τεχθέντα
886 1641 1057 1704 ἀπέστειλαν
1086 1643 1199 1704 πευσό-

139 1760 165 1801 ιι
179 1761 272 1819 μενοι,
295 1739 323 1800 ελ
344 1739 433 1811 αὐτὸς
455 1739 501 1819 εἴη
525 1738 541 1801 6
564 1740 731 1821 προφήτης.
776 1740 851 1822 πρὸς
873 1738 927 1814 οὓς
949 1739 1021 1820 ἔφη’
1048 1738 1104 1801 οὔτι
1126 1741 1198 1820 εἰμι.

178 1836 337 1917 προφήτης
358 1835 412 1916 μέν
433 1835 488 1919 γδρ
507 1829 557 1919 ήν,
580 1838 596 1901 6
615 1836 774 1920 προφήτης
793 1835 825 1899 δέ
844 1837 900 1900 οὐκ
918 1830 965 1918 ήν.
1000 1836 1130 1918 ἕβδομον
1150 1837 1198 1900 δέ·

178 1942 242 2008 πῶς
263 1943 317 1996 τοῦ
339 1939 472 2018 Χριστοῦ
500 1935 743 2018 παραγενομένου
771 1937 802 1997 οἱ
824 1935 860 1996 τδι
882 1937 1024 2015 θαύματα
1046 1936 1199 2016 θεώμενοι
1303 1993 1304 2006 .

78 2045 117 2085 101
132 2046 163 2086 M·
177 2031 289 2114 ἔλεγον·
321 2025 409 2108 οὗτός
439 2032 519 2095 ἐστιν
549 2032 673 2113 άληθῶς
700 2033 716 2096 6
746 2033 911 2116 προφήτης.
957 2034 1110 2116 συνοράτω
1139 2027 1198 2096 οὖν

178 2128 256 2191 πόσα
283 2130 362 2214 αὐτῷ
381 2130 577 2212 ἐναντιοῦται,
603 2129 654 2192 καλ
677 2130 729 2192 τὸν
751 2130 852 2211 άληθή
876 2132 1069 2214 προγνάστην
1091 2155 1121 2194 τε
1145 2132 1197 2194 καλ

138 2251 165 2291 εο
178 2226 299 2308 βασιλέα
320 2227 371 2289 καλ
394 2228 578 2310 δημιουργὸν
599 2230 809 2311 προσκυνείτω.

400 2401 469 2487 [κζ’.
502 2405 591 2487 Περὶ
611 2400 734 2486 Ἰησοῦ
757 2415 818 2470 τοῦ
842 2403 970 2488 Ναυή]

243 2529 332 2591 Μετὰ
359 2526 392 2591 δέ
419 2527 535 2591 Μωσέα
566 2529 714 2606 διεδέξατο
745 2531 801 2611 τήν
830 2529 923 2613 άρχήν
947 2525 1063 2611 Ἰησοῦς
1095 2531 1112 2595 6
1139 2543 1196 2596 τοῦ

177 2625 270 2706 Ναοή
291 2625 343 2688 καλ
365 2628 495 2708 περάσας
516 2628 569 2691 τὸν
587 2623 745 2712 Ἰορδάνην
762 2627 813 2690 καλ
831 2628 959 2708 ποιήσας
976 2629 1010 2691 ἐν
1028 2639 1063 2714 τῇ
1082 2639 1121 2716 γή
1139 2641 1195 2711 τής

177 2723 348 2806 ἐπαγγελίας
370 2724 420 2805 ἐτη
443 2722 492 2806 λβ’
515 2731 652 2806 πολεμῶν
669 2725 720 2788 καλ
738 2728 1000 2810 κατανληροδοτῶν
1018 2727 1113 2807 αὐτὴν
1131 2735 1195 2802 τοῖς

250 2887 747 2956 αωου-αωοα

249 3036 263 3084 1
289 3030 430 3101 έντελήται
448 3030 583 3101 (ἐκτελήτε
602 3029 636 3098 G)
655 3031 722 3099 ὑμῖν
744 3031 824 3087 BGP
843 3031 995 3088 ἐντέλλεται
1013 3033 1080 3102 δμλν
1098 3033 1124 3087 R
1143 3036 1192 3087 λα-

176 3100 252 3184 λήσει
271 3104 329 3174 (-ση
343 3100 379 3171 1))
398 3100 469 3170 πρὸς
486 3101 559 3170 ὑμᾶς
576 3101 604 3154 N
621 3099 785 3171 (ἐντελληται
803 3103 889 3173 Isid.).
909 3135 944 3144 -
962 3110 978 3158 3
997 3113 1121 3172 πρῶτονε
1140 3105 1192 3159 In·

175 3174 244 3242 capit
260 3174 366 3228 codicis
375 3172 495 3227 Vindob.
514 3171 587 3226 Hist.
608 3171 705 3227 Graeo.
722 3178 757 3228 40
771 3190 842 3243 pars
859 3179 971 3230 νοέαοσο.
992 3207 1026 3216 -
1045 3180 1062 3229 4
1128 3182 1141 3196 ··
1177 3196 1192 3238 ς

176 3243 297 3298 ABGM.
322 3275 355 3284 -—
375 3249 390 3297 δ
452 3242 521 3299 θσέα
539 3243 574 3297 Ν.
594 3274 628 3283 -
646 3244 789 3301 πειθανδν
807 3245 890 3300 ARN.
909 3277 945 3286 —
968 3251 984 3300 8
1004 3246 1083 3318 οὐδὲ]
1102 3247 1135 3301 οδ
1184 3289 1190 3300 .

177 3346 209 3354 -
226 3319 259 3368 13
273 3323 356 3369 τοῦτο
370 3263 476 3368 Βδέω-
493 3320 526 3368 14
540 3333 569 3368 π.
584 3313 722 3399 τεχθέντα
754 3315 835 3399 ενεὰς
847 3316 874 3370 Ν
890 3336 945 3387 χεν.
960 3335 989 3370 π.
1004 3315 1142 3390 τεχθέντα
1155 3318 1190 3372 Β.

175 3415 209 3507 ἐξ
231 3389 263 3438 1⁶
276 3384 339 3509 εἴη]
358 3379 507 3509 ἓλῦΑῙηδὲθ
524 3378 542 3454 ή
560 3384 583 3437 F
600 3403 636 3440 m.
651 3391 667 3440 1
687 3403 719 3441 ιιι
734 3337 777 3466 Ιλλέ.
793 3419 826 3429 -
848 3393 881 3441 18
901 3395 1040 3458 συνορᾶτο
1053 3388 1134 3442 APR.
1154 3419 1190 3430 -

228 3472 306 3523 μεοοσ
321 3475 340 3508 α
474 3498 479 3508 .

247 3599 264 3646 4
283 3593 388 3657 ἔνθους
406 3595 446 3649 lit.
461 3611 495 3651 ex
513 3596 633 3662 ἐνθέους
649 3598 680 3652 P.
701 3630 734 3639 -—
756 3603 788 3653 19
807 3598 893 3672 πόσα]
912 3607 971 3662 πῶς
988 3599 1018 3654 Ρ.
