2617 3909
552 206 740 258 XPONIKON
1111 204 1155 270 39

140 359 195 437 μιᾷ
217 352 458 434 συγκαθεύδουσι
479 352 599 434 γυναικί
623 352 674 414 καλ
696 352 800 416 πολλαί
823 359 960 435 γυναῖκες
982 352 1026 416 §vl
1049 353 1156 436 ἕταιρί·

141 454 241 524 ζονται
267 448 369 533 ἀνδρί,
396 449 446 511 καλ
472 448 506 512 τδ
527 451 703 532 παράνομον
730 449 771 525 ὡς
795 452 887 532 νόμον
911 452 1003 514 καλὸν
1024 451 1074 514 καλ
1096 475 1154 514 πα-

139 555 234 632 τρῷον
264 548 444 629 πράττωσιν
474 547 624 626 ἀζήλωτον
654 547 705 610 καλ
737 548 896 612 ἀκώλυτον.
939 543 1095 630 Ἀμαζόνες
1121 547 1154 612 δὲ
1167 563 1194 605 28
1207 563 1243 604 M·

139 644 253 727 ἀνδρας
275 645 332 707 οὐκ
352 646 480 727 ἔχουσιν,
502 639 565 707 ἀλλ’
586 644 627 721 ὣς
648 647 685 708 τὰ
702 644 795 729 ἀλογα
817 650 876 721 ζῶα
898 648 976 722 ἅπαξ
998 657 1051 710 τοῦ
1071 648 1156 721 ἔτους

139 741 208 826 περλ
235 743 290 823 τὴν
312 743 434 825 ἐαρινὴν
457 743 611 825 ἰσημερίαν
637 744 797 827 ὑπερόριον
813 747 946 827 γίνονται
972 744 1023 808 καλ
1050 745 1155 828 μιγνύ-
1182 768 1195 809 ε

140 865 227 921 μεναι
249 847 312 914 τοῖς
333 852 497 924 γειτνιῶσιν
518 840 662 924 ἀνδράσιν
689 841 730 917 ὡς
751 843 920 926 πανήγυρίν
942 867 1008 906 τινα
1032 843 1082 906 καί
1105 867 1155 924 με-

139 940 235 1021 γάλην
257 939 363 1023 ἑορτὴν
380 939 432 1001 τὸν
449 939 554 1021 καιρόν
576 939 691 1002 ἐκεῖνον
713 937 863 1022 ἡγοῦνται.
904 941 934 1016 ἐξ
953 933 996 1004 ὧν
1013 942 1063 1004 καλ
1080 941 1155 1004 κατὰ

138 1037 265 1120 γαστρός
287 1040 487 1118 συλλαβοῦσαι
512 1039 766 1120 παλινδρομοῦσιν
793 1039 893 1102 οἴκαδε
919 1050 1018 1102 πᾶσαι.
1063 1046 1102 1125 τῷ
1122 1036 1154 1101 δὲ

138 1142 232 1220 καιρῷ
256 1145 309 1216 τῆς
331 1134 524 1215 ἀποκυήσεως
550 1135 602 1198 τόν
629 1135 683 1217 μὲν
710 1134 819 1219 ἀρρενα
841 1137 1034 1219 φθείρουσιν,
1061 1136 1093 1198 τό
1122 1135 1155 1200 δὲ

138 1238 221 1313 θῆλυ
244 1236 424 1317 ζωογονοῦσι
445 1233 496 1295 καλ
518 1239 697 1315 τιδηνοῦσιν
719 1234 861 1314 ἐπιμελῶς
882 1233 933 1296 καλ
950 1233 1152 1316 ἐκτρέφουσα.
1168 1257 1195 1300 ιο

140 1408 194 1490 [κ’.
214 1411 303 1494 Περί
316 1422 378 1493 τῆς
392 1411 476 1492 μετά
489 1412 649 1474 θάνατον
661 1407 893 1495 Ἀλεξάνδρου
907 1411 1151 1495 πολυαρχίας]

206 1537 296 1599 Μετὰ
318 1534 351 1599 δὲ
373 1536 429 1616 τὴν
447 1531 641 1620 Ἀλεξάνδρου
664 1538 800 1618 τελευτὴν
822 1537 866 1612 εἰς
887 1537 997 1611 πολλὰς
1018 1535 1109 1619 ἀρχὰς
1131 1534 1151 1617 ἡ

138 1636 272 1715 βασιλεία
289 1635 382 1697 αιἰτοῦ
400 1633 538 1719 διῃρέθη.
573 1633 624 1697 καλ
639 1629 807 1717 ’Λρινδαῖος
825 1634 879 1716 μὲν
897 1634 913 1698 6
931 1634 1060 1714 ἀδελφός
1074 1629 1153 1698 Ἀλε-

139 1733 281 1815 ξάνδροο,
299 1731 316 1795 6
334 1731 384 1794 καὶ
401 1734 560 1814 Φίλιππος,
574 1734 769 1807 Μακεδονίας
786 1732 953 1816 ἀφηγεῖται,
964 1729 1153 1815 Ἀντίπατρος

138 1828 172 1893 δὲ
190 1830 342 1913 Εὐρώπης
359 1829 557 1911 ἐβασίλευσεν,
575 1831 731 1913 Αίγύπτου
750 1830 783 1893 δὲ
800 1836 983 1912 Πτολεμαῖος
1001 1830 1017 1894 6
1034 1836 1151 1914 Λαγοῦ,
1166 1852 1192 1894 ιι

140 1930 287 2009 Φοινίκης
309 1927 342 1991 δὲ
363 1927 414 1991 καλ
435 1931 549 2009 Κοίλης
569 1930 684 2011 Συρίας
706 1928 861 2008 Σέλευκος,
883 1930 1020 2003 Κιλικίας
1043 1927 1075 1992 δὲ
1095 1933 1152 1991 Φι-

139 2028 244 2107 λώτας,
264 2020 363 2102 Ἀσίας
386 2025 418 2089 δὲ
434 2021 613 2109 Ἀντίγονος,
635 2028 751 2109 Καρίας
773 2025 806 2090 δὲ
823 2027 1009 2109 Κάσανδρος,
1028 2022 1152 2106 Ἑλλησ-

135 2124 251 2186 πόντου
274 2123 308 2187 δὲ
329 2129 468 2207 Λεανῦς,
495 2126 712 2208 Παφλαγονίας
738 2122 770 2186 δὲ
792 2123 947 2204 Εὐμενής,
978 2121 1097 2208 Θρᾴκης
1120 2121 1153 2186 δὲ

135 2223 319 2304 Λυσίμαχος.
355 2222 406 2285 καλ
424 2222 461 2285 οὐ
476 2221 608 2286 διέλιπον
625 2221 672 2284 ἀελ
690 2218 753 2284 κατ’
770 2221 904 2302 ἀλλήλων
918 2221 1152 2303 ἐπανιστάμενοι,

137 2319 197 2394 ἕως
219 2313 256 2382 οὗ
274 2318 294 2400 ἡ
309 2314 459 2401 Ῥωμαίων
480 2319 556 2404 ἀργὴ
579 2320 631 2394 τὰς
648 2322 806 2403 τοπαρχίας
828 2319 925 2394 πάσας
941 2317 1105 2381 κατέλυσεν.
1164 2342 1193 2384 εο

208 2419 328 2481 Τούτων
347 2416 379 2480 δὲ
399 2419 477 2481 οὕτω
495 2418 543 2481 καί
562 2418 611 2482 ἐπὶ
628 2429 771 2482 τοσοῦτον
789 2415 951 2502 εἰρημένων
969 2418 1032 2479 δεῖν
1049 2412 1152 2502 ᾠήθη-

137 2539 194 2597 μεν
212 2515 401 2596 ἐπανάληψιν
419 2517 604 2597 ποιήσασθαι
626 2516 677 2578 καλ
696 2515 754 2578 ἀπὸ
771 2512 865 2596 Ἀδδιμ
886 2517 975 2578 πάλιν
993 2514 1152 2598 ἀρξάμενοι

135 2612 189 2676 καλ
211 2613 336 2676 ἑκάστου
358 2625 417 2677 τῶν
434 2615 588 2695 ἐπισήμων
609 2614 660 2677 καλ
683 2613 853 2697 ἀναγκαίων
871 2612 990 2697 ἀνδρῶν
1012 2613 1082 2688 τοὺς
1099 2623 1152 2695 τῆς

136 2715 215 2792 ζωῆς
242 2711 367 2795 χρόνους
394 2712 444 2775 διά
467 2711 599 2795 βραχέων
622 2713 875 2794 ἐπισημηνάμενοι
901 2711 951 2774 καλ
974 2710 1073 2792 μέντοι
1100 2709 1150 2773 καλ

211 2916 227 2963 2
246 2910 332 2966 καλὸν
351 2911 399 2965 καλ
422 2927 473 2966 οτι.
487 2911 521 2965 N.
537 2942 571 2951 —
590 2916 606 2964 3
625 2912 769 2980 ἀμαζῶνες
787 2909 898 2965 OFGN.
914 2909 948 2951 -'-
967 2915 983 2964 ό
1002 2907 1151 2978 όκερόριαι

135 2978 226 3034 GRV.
246 3012 281 3022 -
304 2986 320 3035 6
343 2980 378 3036 τδι
398 2981 449 3052 μὲν
470 2981 615 3051 άρρευαΚ
638 2982 670 3037 τό
694 2981 744 3053 μὲν
767 2982 853 3051 άρρεν
873 2982 937 3036 NR.
958 3012 991 3022 —
1015 2977 1152 3050 διαφθεί-

136 3069 220 3121 ρουσι
232 3051 266 3105 Ν.
286 3083 320 3094 -
341 3058 373 3107 13
392 3051 523 3122 ἀρινδίος
541 3053 562 3108 0
581 3051 712 3122 άρίνδεος
727 3055 753 3108 Α
770 3055 900 3123 ἀριδαλος
916 3053 947 3107 Β.
968 3083 1002 3094 -
1022 3058 1055 3107 14
1075 3051 1150 3120 ἀφη-

137 3132 214 3194 γεῖτο
232 3123 297 3177 NR.
326 3155 360 3164 -
389 3129 422 3178 15
446 3126 532 3195 λαγοῦ
551 3123 705 3179 ALNPRV
727 3125 814 3196 λάγου
833 3122 913 3179 BOG
934 3127 1044 3194 λαγωοῦ
1062 3121 1092 3175 1⁴¹.
1114 3151 1150 3164 -·

136 3199 171 3248 16
192 3193 309 3263 φιλότας
326 3194 348 3250 Ρ
371 3194 494 3265 φιλωτάς
515 3199 590 3266 (τας
607 3195 643 3265 V)
661 3195 720 3252 AV.
744 3227 779 3238 -
803 3201 835 3251 17
860 3192 1029 3265 ἐλησιιόντου
1052 3191 1149 3262 (ἐλιοπ.

135 3263 190 3320 ΟΝ
213 3265 314 3321 ίλειστι.
333 3266 355 3319 Is
374 3266 460 3322 δλισπ.
479 3266 514 3336 R)
533 3266 671 3321 ACLNR.
696 3299 730 3310 -
755 3273 788 3323 18
807 3271 911 3328 λευυᾶς
928 3263 1062 3320 GLNRV
1083 3266 1150 3319 λεω-

134 3336 190 3400 νάς
206 3337 254 3390 AF
276 3340 375 3401 λεονῦς
392 3338 416 3391 Β
434 3338 533 3402 λεονάς
551 3337 606 3393 ΟΡ.
626 3370 660 3378 -
680 3338 833 3410 εόμένηςΡ
853 3338 885 3394 εό
919 3343 971 3406 νῆς
988 3335 1096 3391 AOFV.
1116 3367 1151 3378 -

136 3414 171 3463 19
190 3406 330 3464 διέλειπον
347 3408 433 3464 ΑΟΝ.
454 3439 487 3450 -
507 3415 541 3463 23
560 3410 609 3465 καλ
627 3406 791 3481 ἀναγκαίων
809 3426 860 3466 ουτ.
899 3407 926 3462 Ν
948 3407 998 3462 καλ
1016 3424 1066 3462 om.
1081 3407 1114 3461 R.

210 3591 225 3639 7
245 3587 293 3640 καλ
311 3604 361 3642 om.
377 3587 406 3640 P.
426 3619 460 3628 —
479 3593 495 3641 8
514 3589 650 3659 λαβοῦσαι
668 3586 698 3641 P.
719 3618 751 3628 —
772 3591 805 3640 22
824 3585 880 3640 ἀπὸ
899 3593 948 3640 τοῦ
967 3585 1044 3654 ἀδάμ
1061 3584 1091 3638 P.
