2617 3909
161 216 304 267 XXXVIII
568 215 771 267 PRAEFATIO

222 364 397 442 ,Utrumque
415 363 525 423 librum
548 383 582 423 ex
602 363 702 423 codice
726 363 927 424 Vstiumtum
948 364 1066 440 integro
1084 364 1184 421 truns-

162 455 308 530 suriptum
340 472 403 513 esse
435 454 561 513 constat.
608 451 689 522 Quos
721 453 801 511 enim
827 453 860 511 iu
889 452 1102 511 Vexstinctos
1134 453 1187 512 vel

163 545 319 620 conuptos
342 542 423 602 locos
448 541 578 601 sosuuds
600 560 708 601 manus
730 560 786 601 suo
808 540 934 601 arbitrio
956 540 1109 617 supplevit
1131 534 1187 622 (ef.
1256 596 1263 600 .

162 652 191 709 p.
201 624 326 713 XXXV)
341 632 374 690 hi
386 633 419 690 in
432 630 518 691 libn's
527 630 676 691 Vaticano
689 633 721 690 st
733 631 950 690 Holkhamonsi
963 629 1070 689 iisdem
1083 630 1187 701 verbis

163 723 288 781 exstant.
331 720 434 779 Veluti
456 742 485 798 p.
505 720 583 795 254,
604 722 646 779 10
673 720 765 780 verba
793 738 870 795 quus
896 721 929 778 in
951 719 1077 795 reliquis
1100 719 1185 780 tudi-

162 810 245 871 cibus
268 809 396 887 legimus
423 817 476 887 τῆς
503 804 536 869 δὲ
558 807 700 887 γυναικὸς
727 807 821 869 αὑτοῦ
840 801 962 888 Ἰεζάβελ
990 804 1060 869 οὐδὲ
1086 807 1185 886 ψιλὴν

162 895 286 977 ἀπειλῆν
300 895 429 979 ἐνεγκὼν
442 896 515 961 δδδν
529 894 642 977 ἀπέδρα
662 897 970 978 τεσσαρακοντῆμερον
982 900 1016 957 in
1034 898 1062 956 V
1072 900 1187 959 omissa

162 1007 234 1048 voss
261 984 385 1065 ἀπειλὴν
412 1007 519 1062 manca
546 992 623 1047 sunt.
669 986 706 1047 Iu
738 987 768 1047 V
790 987 900 1047 codicis
932 988 1096 1063 archetypo
1128 987 1186 1047 hoc

162 1078 261 1153 ipsum
294 1078 441 1137 exstitisse
473 1077 614 1137 discimus
647 1096 683 1137 ex
709 1079 782 1135 uota
809 1077 970 1154 marginali
996 1096 1026 1153 p.
1051 1077 1129 1150 254,
1150 1080 1185 1136 7:

162 1162 206 1226 (Tc.
234 1165 315 1239 τίνος
337 1164 435 1227 ἕνεκεν
459 1162 588 1247 ὑγμίγας
610 1164 768 1247 προφήτης
785 1157 888 1225 Ἠλιοῦ
911 1162 963 1224 τὸν
985 1162 1040 1243 μὲν
1062 1164 1186 1244 βασιλέα

160 1247 269 1335 Ἀχαάβ
292 1254 363 1334 μετὰ
385 1255 552 1337 παρρησίας
573 1252 689 1336 ἤλεγξε,
716 1263 770 1333 τῆς
793 1252 825 1315 δὲ
844 1246 967 1333 Ἰεζάβελ
990 1252 1031 1332 μὴ
1055 1252 1186 1335 ἐνεγκὼν

162 1344 217 1423 τῆν
244 1341 370 1423 ἀπειλὴν
396 1343 507 1425 ἔφυγεν
535 1340 607 1406 ὑδδν
634 1340 753 1426 ῆμερῶν
777 1343 1000 1424 τεσσαράκοντα.
1047 1344 1186 1403 Secunda

161 1452 269 1494 manus
295 1434 328 1493 in
350 1435 485 1511 margine
512 1453 572 1493 non
599 1430 724 1512 ἀπειλὴν
751 1434 804 1493 sed
830 1430 1001 1515 προσβολὴν
1023 1435 1185 1511 supplevit

161 1521 246 1581 Idem
268 1523 393 1584 verbum
413 1525 446 1582 in
464 1521 533 1581 Vat.
556 1524 618 1582 153
643 1526 674 1581 et
695 1523 914 1583 Holkhumeusi
940 1524 972 1581 iu
995 1526 1113 1600 textum
1137 1544 1184 1583 rs·

162 1614 283 1688 ceptum
310 1615 363 1671 est.
408 1612 504 1671 Paulo
532 1614 601 1687 post
628 1612 661 1670 in
688 1611 786 1672 verbis
818 1632 846 1689 p.
872 1614 1013 1687 254,14
1040 1606 1104 1671 ἀλλ’
1130 1609 1186 1672 ἀν-

161 1704 286 1780 θρωπος
317 1698 448 1781 ὑπῆρχεν
479 1697 536 1761 οὐκ
565 1696 689 1782 ἀμοιρος
716 1708 769 1780 τῆς
796 1709 927 1779 φυσικῆς
953 1698 1111 1773 ἀσθενείας
1139 1721 1185 1761 se-

161 1790 259 1849 cunda
290 1808 397 1849 manus
427 1808 531 1849 votem
563 1787 721 1862 ἀσθενείας
754 1792 840 1869 signo
872 1792 990 1850 notavit
1022 1791 1185 1867 eodemque

162 1879 247 1957 signo
275 1881 412 1938 notatam
439 1898 542 1939 vocem
569 1887 622 1958 τῆς
649 1879 758 1952 δειλίας
789 1880 821 1939 iu
848 1880 983 1958 margins
1015 1881 1185 1956 adscripsit.

162 1967 198 2025 In
220 1966 290 2029 Vat.
316 1969 379 2027 153
406 1968 439 2027 in
465 1972 552 2028 textu
584 1971 683 2029 exstat
710 1966 881 2047 ἀσθενείας,
912 1971 945 2028 in
972 1970 1106 2047 margine
1138 1992 1184 2051 γρ,

162 2056 285 2136 δειλίας,
312 2059 345 2116 in
367 2057 583 2118 Holkhumensi
605 2058 638 2116 in
661 2061 760 2118 textu:
782 2055 848 2118 ἀλλ’
867 2055 1030 2139 ἅνθρωπος
1052 2056 1184 2138 ὑπῆρχεν

161 2154 215 2225 τῆς
246 2146 367 2219 δουλίας
404 2139 488 2229 (sici)
526 2146 581 2207 οὑκ
612 2144 736 2229 ἀμοιρος
771 2155 824 2226 τῆς
856 2156 986 2226 φυσικῆς
1017 2144 1185 2219 ἀσθενείας,

161 2235 195 2295 P.
220 2238 298 2311 323,
323 2238 341 2295 6
375 2234 467 2297 Gaius
501 2239 666 2314 imperator
692 2237 806 2296 Tiberii
836 2237 916 2297 filius
948 2237 1120 2313 appellatur
1151 2239 1184 2296 iu

162 2326 299 2385 omnibus
321 2326 406 2386 libris
431 2330 551 2403 praeter
573 2327 770 2403 interpolatos
793 2326 952 2403 quosdam,
978 2326 1032 2386 ubi
1057 2322 1184 2402 ἀνεψιὸς

162 2412 255 2474 αὑτοῦ
278 2414 481 2475 substituitur.
527 2417 629 2475 Etiam
651 2416 683 2474 in
708 2416 736 2473 V
755 2416 836 2492 quod
858 2414 931 2474 olim
953 2415 1091 2474 exstabat
1117 2414 1184 2486 νίδς

161 2505 195 2561 in
216 2500 326 2576 υἱωνὸς
348 2506 498 2564 mutatum
521 2507 552 2563 et
571 2504 603 2563 in
621 2505 756 2583 margine
779 2504 962 2580 adscriptum
981 2507 1039 2564 est:
1061 2502 1128 2576 υίὸς
1151 2501 1183 2563 δὲ

161 2593 349 2672 Γερμανικοῦ
371 2590 421 2652 καλ
441 2585 644 2674 Ἀγριππίνης.
689 2593 726 2652 Iu
744 2593 813 2654 Vat.
835 2595 898 2653 153
922 2596 954 2652 iu
976 2596 1061 2652 textu
1084 2597 1184 2652 exstat

161 2679 272 2754 υἱωνὸς
299 2683 329 2741 st
356 2682 388 2739 in
411 2684 546 2759 margine
573 2680 640 2753 υίὸς
665 2678 703 2754 δὲΙ
720 2685 875 2761 Γερμανοῦ
899 2675 970 2764 (εἰσ)
993 2679 1044 2744 καλ
1063 2673 1183 2762 Ἀγριπ-

162 2769 263 2849 πίνης,
285 2772 317 2829 in
334 2770 552 2831 Holkhamsnsi
574 2769 640 2843 υίὸς
663 2768 694 2831 δὲ
714 2774 900 2851 Γερμανικοῦ
922 2769 973 2831 καί
988 2765 1183 2852 Ἀγριππίνης

161 2859 194 2918 iu
203 2860 319 2919 textum
328 2862 480 2936 receptum
490 2863 542 2920 est.
578 2861 610 2920 P.
623 2862 697 2935 514,
709 2865 759 2935 11,
768 2861 822 2919 ubi
830 2861 940 2921 codicis
952 2861 1095 2920 Vfoiium
1107 2862 1185 2933 1985

161 2949 353 3026 plurifarium
372 2949 529 3025 detersum,
547 2954 617 3027 post
635 2950 732 3009 denuo
748 2951 931 3027 completum
948 2952 1002 3025 est,
1025 2951 1058 3008 iu
1076 2951 1183 3009 ceteris

161 3038 247 3097 libiis
261 3041 359 3099 exstat
371 3035 475 3110 ἀθῶος
488 3036 631 3119 ὑπάρχειν
640 3046 694 3099 τοῦ
707 3037 830 3117 αἵματος
843 3046 897 3102 τοῦ
910 3036 1078 3118 ἀνδρώνων
1086 3038 1184 3100 καίτοι

163 3124 245 3201 ὄντες
258 3126 390 3207 ἐθνικοί,
408 3127 438 3185 in
461 3128 488 3185 V
504 3129 632 3189 secunda
650 3147 758 3187 munus
776 3148 830 3205 pro
844 3127 940 3187 καίτοι
959 3124 1041 3199 ὄντες
1054 3129 1184 3187 correxit

161 3213 212 3275 καλ
234 3208 318 3277 οὑτοι
340 3213 429 3289 ὄντες.
471 3218 506 3277 Ρ.
527 3219 606 3293 514,
621 3219 664 3276 24
687 3218 719 3275 in
742 3218 848 3277 esteris
870 3217 956 3277 libris
978 3216 1091 3295 legitur
1113 3239 1184 3297 φρι-

161 3313 237 3378 κτῶς
264 3302 313 3365 καὶ
340 3303 449 3386 ταχέως
471 3304 654 3386 ἐπιστήσεται
676 3304 748 3384 ὑμῖν
770 3304 892 3386 ἔρευνα,
919 3304 965 3366 ὅτι
991 3306 1086 3386 κρίσις
1107 3303 1184 3368 ἀπό-

161 3414 251 3471 τομος
282 3392 314 3455 ἕν
341 3400 404 3468 τοῖς
430 3392 604 3476 ὑπερέχουσι
635 3395 754 3474 γίνεται.
800 3393 816 3456 δ
848 3393 904 3476 γὰρ
931 3392 1079 3474 ἐλάχιστος
1111 3412 1185 3475 σαγή,

162 3482 292 3562 γνωστός
323 3483 402 3545 ἐστιν
433 3482 547 3563 ἕλεόυς,
579 3481 702 3544 δυνατοί
732 3480 763 3544 δὲ
793 3484 928 3557 δυνατῶς
948 3482 1184 3562 ,ἕτασθῆσονται

158 3571 299 3634 Secunda
317 3592 423 3635 manus
441 3575 474 3632 in
490 3573 681 3634 Vsubstituit
699 3571 814 3653 ἔλεγχος
831 3594 886 3649 pro
905 3572 1020 3652 ἔρευνα,
1038 3570 1120 3632 ἔσται
1133 3571 1184 3633 καί
