2617 3909
540 196 729 246 Χεοοοιοο
1074 191 1139 256 365

117 342 353 426 ἀπηγριωμένον
376 340 426 403 καί
449 341 558 421 μαθὼν
581 343 625 403 ὅτι
650 341 777 414 πολλούς
801 339 916 402 ἀνεῖλεν
938 339 1139 422 ἐπιχειρήσαν-

120 466 177 516 τας
199 442 344 504 εἰσελθεῖν
366 441 424 523 πρὸ
447 451 499 520 τής
524 439 684 522 ἐπιτροπῆς
706 441 846 518 Σίμωνος
869 438 1015 520 κρατήσας
1038 439 1139 500 έλυσεν

121 540 219 602 αὐτὸν
245 537 349 621 λέγων·
378 539 491 600 εἴσελθε
518 539 592 619 πρὸς
615 539 740 617 Σίμωνα
763 537 813 598 καί
835 535 898 598 εἰπέ
921 537 1000 622 αύτῷ
1020 536 1140 620 ἀνθρω-

120 639 200 723 πίνη
228 646 329 722 φωνή·
358 635 471 717 Πέτρος
499 633 514 696 6
543 638 649 710 δοῦλος
678 641 807 717 Χριστοῦ
835 635 977 696 εἰσελθεῖν
1007 637 1081 716 πρός
1109 653 1140 697 σε

122 734 215 801 θέλει.
252 734 303 796 καί
325 745 378 796 τού
400 735 492 808 κυνὸς
514 734 609 807 εὐθύς
628 735 773 815 δρομαίου
791 732 976 808 εἰσελθόντος
994 733 1044 796 καί
1062 735 1140 796 ούτω
1168 752 1179 792 5

123 833 321 913 λαλήσαντος,
348 833 571 914 κατεπλάγησαν
601 834 633 893 οί
661 830 731 911 μετὰ
758 833 897 910 Σίμωνος
924 830 1066 912 λέγοντες·
1097 833 1141 906 τίς

122 932 187 993 ἐστι
209 929 323 1013 Πέτρος
349 929 399 991 καί
425 931 470 1003 τίς
496 928 516 1009 ή
544 931 672 1009 τοσαύτη
700 930 827 1008 δύναμις
853 929 960 1006 αύτού;
985 929 1064 1011 ’πρὸς
1087 931 1141 1004 ούς

124 1047 221 1108 φησιν
240 1027 388 1108 ὁΣίχιων·
407 1037 493 1090 τούτο
512 1026 589 1108 ὑμᾶς
608 1028 649 1107 μή
669 1027 809 1108 ξενιζέτω,
828 1027 898 1110 ὅπερ
916 1026 997 1109 κάγὼ
1015 1028 1140 1108 ποιήσω.

124 1127 179 1211 καὶΙ
194 1127 466 1208 προσκαλεσάμενος
484 1126 536 1188 τὸν
554 1127 632 1187 κύνα
649 1125 699 1186 καλ
716 1123 855 1199 ὡσαύτως
868 1126 1033 1207 προσταξας
1046 1127 1141 1188 εἰπεῖν

124 1225 305 1309 ἀνθρωπίνη
334 1234 421 1310 φωνή
450 1231 489 1308 τῷ
509 1223 612 1309 Πέτρῳ
639 1224 798 1303 εἰσελθεῖν,
827 1221 877 1284 καί
904 1232 989 1285 τούτο
1013 1225 1140 1302 ποιήσας
1155 1244 1180 1282 ιο

125 1325 217 1385 πάλιν
239 1321 255 1385 6
279 1323 370 1403 κύων,
401 1323 520 1402 εἰσήλθε
543 1322 656 1403 Πέτρος
678 1321 752 1401 πρὸς
775 1323 908 1400 Σίμωνα.
954 1320 1004 1382 καί
1026 1324 1140 1402 συμβα-

127 1419 187 1482 λὼν
210 1414 271 1500 μετ’
292 1419 385 1482 αύτοῦ
408 1421 513 1500 Σίμων
535 1419 578 1492 εἰς
600 1421 858 1501 θαυματουργίας,
888 1419 1004 1498 ένίκησε
1028 1417 1141 1500 Πέτρος

127 1518 219 1590 ἰάσεις
246 1527 356 1597 ποιῶν,
383 1515 432 1578 καί
460 1517 563 1580 πολλοὶ
584 1518 791 1590 πιστεύσαντες
813 1517 1045 1597 ἐβαπτίσθησαν.
1090 1517 1140 1578 καί

127 1608 167 1695 ήν
189 1615 222 1678 έν
244 1626 280 1702 τῇ
298 1612 395 1700 Ῥώμη
417 1616 526 1697 ταραχή
553 1615 645 1694 πολλή
669 1613 723 1688 καί·
742 1616 881 1697 σύγχυσις
903 1614 1000 1678 ἕνεκεν
1023 1615 1140 1697 Πέτρου

127 1713 178 1775 καί
193 1716 341 1794 Σίμωνος,
360 1714 405 1774 ὅτι
422 1712 575 1775 κατέναντι
593 1712 726 1792 ἀλλήλων
745 1713 867 1775 ἐποίουν
881 1713 1030 1792 θαύματα.
1066 1714 1139 1795 ἅπερ
1155 1734 1179 1774 15

128 1811 236 1890 μαθὼν
260 1806 422 1893 Ἀγρίππας
453 1809 469 1873 6
501 1811 625 1892 ἔπαρχος
657 1810 786 1892 ἀνήγαγε
817 1817 856 1894 τῷ
883 1813 999 1890 βασιλεῖ
1022 1811 1141 1894 Νέρωνι

96 1944 99 1950 ·
127 1909 232 1991 λέγων·
259 1910 314 1971 δύο
337 1908 414 1984 τινές
436 1911 510 1971 εἰσιν
532 1907 638 1989 ἀνδρες
661 1909 693 1971 έν
716 1918 751 1992 τή
775 1909 857 1970 πόλει
879 1915 1140 1988 θαυματοποιούν-

128 2031 174 2080 τες
192 2005 333 2068 ἀπέναντι
351 2006 493 2086 ἀλλήλων.
530 2005 546 2069 6
566 2006 620 2086 μὲν
632 2005 709 2088 λέγει
722 2006 828 2068 ἑαυτὸν
842 2001 918 2068 εἰναι
936 2007 988 2069 τὸν
1002 2007 1140 2088 Χριστόν,

130 2103 146 2165 6
170 2103 201 2166 δέ
223 2103 311 2166 ἀλλον
334 2100 421 2185 εἰναι,
444 2105 496 2168 τὸν
519 2103 741 2186 ἐσταυρωμένον
761 2098 887 2183 Ἰησοῦν,
910 2097 947 2166 06
967 2104 1017 2166 καλ
1040 2111 1140 2185 μαθη-

129 2202 183 2280 τήν
215 2201 320 2264 ἑαυτὸν
352 2197 429 2263 εἰναι
463 2204 675 2283 διἰσχυρίζεται.
730 2201 783 2275 οὓς
815 2202 952 2276 κελεύσας
986 2200 1002 2264 6
1034 2202 1140 2282 Νέρων
1155 2223 1180 2262 ιο

130 2299 261 2380 ἀχθῆναι
287 2301 469 2362 κατενώπιον
496 2301 589 2361 αὐτοῦ
616 2299 691 2382 λέγει
717 2299 792 2382 πρὸς
815 2301 951 2379 Σίμωνα·
982 2301 1020 2362 σύ
1041 2296 1082 2381 εἰ,
1105 2298 1141 2362 ὃν

131 2397 246 2478 λέγουσι
264 2398 407 2478 Χριστύν;
431 2395 447 2458 6
471 2397 504 2460 δέ
526 2415 632 2476 φησιν·
656 2397 712 2479 ἐγώ
735 2399 802 2477 εἰμι.
839 2396 948 2476 ὁμοίως
967 2396 999 2459 ἀὲ
1021 2398 1071 2459 καλ
1089 2398 1141 2460 τὸν

57 2516 59 2519 ·
132 2494 245 2575 Πέτρον
266 2495 461 2578 ἐπερωτήσας,
484 2496 511 2558 εἰ
532 2494 653 2574 ἀληθῶς
677 2489 763 2570 οὗτός
785 2495 863 2557 ἐστιν
887 2495 902 2558 6
926 2498 1062 2577 Χριστός,
1086 2496 1142 2559 ούκ
1157 2509 1196 2550 2⁷⁰
1209 2509 1240 2548 M·

131 2592 207 2654 ἔστιν
225 2587 321 2674 οὗτος,
345 2594 385 2673 μή
404 2593 528 2675 γένοιτο,
551 2592 700 2674 ἀπεκρίθη
720 2593 841 2675 Πέτρος.
878 2593 934 2675 ἐγὼ
952 2594 1007 2676 γάρ
1026 2594 1140 2657 ἐκείνου

132 2693 268 2770 μαθητής
299 2693 358 2771 εἰμι
389 2701 443 2754 τοῦ
476 2690 698 2770 σταυρωθέντος
729 2690 779 2753 καί
811 2690 991 2766 ἀναστάντος
1022 2691 1072 2754 καί
1099 2692 1140 2766 εἰς
1154 2714 1179 2754 ετ

132 2787 278 2869 ούρανοὺς
300 2788 536 2868 ἀναληφθέντος.
582 2787 597 2849 6
621 2786 653 2850 δὲ
673 2787 780 2870 Νέρων
801 2787 842 2863 ὡς
859 2791 1066 2871 τερατολόγους
1084 2789 1140 2869 ἀρι-

133 2885 273 2966 φοτέρους
291 2886 386 2960 εὐθὺς
403 2885 513 2966 ἀτίμως
531 2886 563 2949 έκ
581 2888 742 2967 προσώπου
761 2886 853 2948 αὐτοῦ
868 2893 979 2948 θᾶττον
993 2888 1140 2966 ἐξήλασεν.

201 3063 217 3111 5
237 3054 377 3127 ὃρομαίως
390 3058 412 3110 Β
423 3057 488 3112 Mal.
504 3089 537 3098 —
556 3064 587 3111 11
602 3058 674 3126 πρὸς
687 3057 737 3112 τὸν
752 3055 858 3126 σίμωνα
872 3058 924 3110 BD
944 3059 984 3120 εἰς
998 3059 1048 3114 τὸν
1063 3075 1086 3112 σ.
1101 3059 1139 3111 Μ.

135 3161 164 3168 -
183 3135 217 3184 15
236 3129 271 3182 τά
287 3130 423 3199 θαύματα
441 3129 501 3183 BR.
517 3162 550 3170 -
572 3135 604 3183 16
623 3130 745 3201 ἔπαρχος
762 3130 866 3183 LMPR
883 3129 1009 3200 ύπαρχος
1026 3128 1086 3184 rell.
1106 3163 1139 3169 —

134 3200 173 3254 έπ,
188 3199 244 3270 (ύπ.
259 3201 295 3269 D)
310 3197 401 3271 ῥύμης
415 3201 441 3254 Ν
464 3233 499 3241 -
519 3206 551 3255 18
565 3203 614 3255 καὶ
628 3200 643 3255 6
658 3201 765 3270 ρλνΑΕ
781 3196 820 3255 ἀν
834 3199 849 3254 6
863 3202 913 3270 μέν
928 3201 960 3255 V.
976 3233 1011 3242 -
1025 3207 1058 3255 21
1075 3217 1140 3256 σνν-

134 3275 258 3341 αχθῆναι
276 3271 310 3324 Ν.
331 3304 364 3312 -
384 3279 417 3325 21
436 3273 508 3340 πρὸς
524 3273 574 3327 τὸν
593 3269 701 3341 σίμωνα
720 3271 804 3325 BFN.
823 3305 857 3312 -
876 3279 909 3326 23
929 3270 1014 3336 αύτός
1031 3272 1088 3326 FN.
1106 3305 1139 3311 -

135 3348 166 3396 25
183 3342 312 3412 μαθητής
330 3343 386 3412 εἰμι
404 3343 452 3396 ΟΡ
475 3344 530 3412 εἰμλ
548 3343 677 3414 μαθητὴς
694 3343 754 3398 rell.
775 3375 807 3384 -
828 3349 861 3396 27
881 3343 1022 3410 ἀπήλασεν
1040 3344 1098 3397 BL.

204 3508 235 3558 17
254 3507 388 3571 θαύματα
406 3510 552 3565 ποιοῦντες
569 3503 667 3558 ΡΜεΙ.
688 3536 721 3544 -
743 3510 774 3558 19
793 3504 843 3558 τὸν
861 3505 910 3558 καὶ
929 3504 1037 3572 ἐσταυρ.
1056 3505 1086 3558 Ρ.
1106 3536 1139 3544 -

136 3579 167 3626 24
186 3574 239 3644 ἔφη
257 3573 368 3642 πέτρος
390 3575 427 3644 μὴ
442 3573 562 3645 γένοιτο.
591 3576 642 3646 ἐγὼ
662 3575 714 3646 γὰρ
733 3575 764 3631 Ρ.

811 3678 837 3727 Χ
