2617 3909
561 213 749 264 XPONJKON
1121 212 1164 276 23

151 358 213 437 φύν
236 359 329 421 αύτού
352 360 497 439 διδύμους
523 359 556 421 ἐκ
578 361 717 442 πορνείας
739 367 881 442 τεχθῆναι
907 360 958 422 καὶ
978 361 1105 442 ῥιφῆναι
1131 360 1164 422 έν

150 456 276 519 ἀλσῶδει
298 456 377 542 τόπῳ
405 456 455 519 καὶ
480 457 540 519 ύπό
563 481 644 532 τινος
670 457 842 541 ἀγροικικῆς
869 459 1010 540 γυναικὸς
1031 459 1164 541 πρόβατα

150 556 299 634 νεμούσης
317 554 493 638 εὑρεθέντας
510 553 726 636 ἀνατραφηναι.
763 555 877 630 όνειδος
900 555 932 619 δὲ
949 555 1062 638 ύπηρχε
1084 554 1164 637 παρά

144 648 300 732 Ῥωμαίοις
317 652 349 714 τό
368 652 398 727 ἐξ
416 652 575 735 ἀλλοτρίων
593 653 789 735 έκτρέφεσθαί
804 677 878 717 τινα.
919 654 965 718 διὸ
985 653 1034 715 καὶ
1051 653 1084 716 έν
1101 658 1164 728 τοῖς

151 752 327 831 συμποσίοις
349 750 469 825 ἕκαστος
496 751 528 812 τὸ
552 752 629 814 ἴδιον
652 754 756 835 βρῶμα
783 752 834 814 καὶ
855 753 936 832 πόμα
959 753 1087 832 κομίζων
1114 749 1163 812 καὶ
1190 773 1203 814 ο

149 850 191 922 είς
210 848 363 911 τὸκοινόν
381 849 417 910 τά
433 850 530 910 πάντα
548 850 779 931 παρατιθέμενοι
800 849 913 929 ἤσθιον
931 849 963 912 τὸ
983 849 1097 922 όνειδος
1115 848 1130 910 έ
1149 885 1162 894 -

149 949 310 1029 φεύγοντες
328 946 370 1026 μὴ
387 945 508 1009 ἀκούειν
525 945 761 1030 ἀλλοτριοφάγοι.
803 941 839 1010 ού
863 949 900 1028 δὴ
919 949 1005 1029 χάριν
1022 947 1162 1027 ἐπενόησε

145 1039 254 1125 Ῥῶμος
275 1043 312 1106 τά
333 1044 505 1125 Βρουμάλια
530 1044 656 1127 εἰρηκὼς
682 1045 843 1127 ἀναγκαῖον
870 1040 947 1107 είναι
969 1044 1087 1127 τρέφειν
1108 1045 1161 1107 τὸν

147 1141 269 1222 βασιλέα
295 1141 350 1221 τὴν
377 1141 485 1204 ἑαυτοῦ
508 1144 672 1224 στήκλητον
696 1141 735 1218 ῶς
757 1143 893 1223 ἐντίμους
920 1142 952 1205 έν
974 1150 1013 1228 τῷ
1032 1152 1162 1224 χειμῶνι,

147 1240 220 1302 ὅταν
246 1238 408 1321 ἠρεμοῦσιν
435 1240 468 1302 έκ
494 1250 547 1302 τοῦ
574 1240 718 1322 πολέμου,
749 1240 799 1302 καί
829 1239 938 1323 ἤρξατο
965 1245 1066 1302 καλεῖν
1093 1239 1162 1312 τούς
1176 1264 1202 1304 ιο

146 1337 207 1399 ἀπὸ
235 1347 287 1400 τοῦ
314 1336 396 1416 άλφα
423 1338 541 1419 ἔχοντας
568 1337 664 1419 ὄνομα
690 1339 740 1401 καί
767 1339 942 1412 ἀκολούθως
969 1338 1024 1412 ἕως
1050 1348 1102 1403 τοῦ
1124 1336 1160 1419 ω,

147 1437 287 1510 κελεύσας
312 1435 363 1497 καὶ
389 1436 446 1515 την
472 1437 636 1518 σύγκλητον
662 1442 762 1499 καλεῖν
789 1443 828 1521 τῳ
851 1436 930 1521 αύτῷ
956 1437 1080 1517 σχήματι
1111 1435 1161 1497 καὶ

146 1531 297 1614 ἐκτρέφειν
319 1533 371 1595 τόν
389 1534 513 1614 στρατὸν
533 1535 657 1596 ἅπαντα.
699 1535 773 1597 ὅθεν
791 1536 823 1596 οί
838 1545 1010 1618 στρατιῶται
1032 1534 1074 1608 είς
1091 1533 1161 1608 τούς

146 1631 250 1705 οἴκους
280 1630 418 1706 ἀπιόντες
448 1641 507 1693 τῶν
537 1633 723 1694 καλεσάντων
754 1632 863 1706 αύτούς
894 1628 940 1695 ἐπ’
966 1631 1073 1719 ἀρίστῳ
1103 1628 1158 1710 ἀφ’

146 1727 270 1809 ἑσπέρας
293 1727 409 1808 ηὔλουν
436 1728 486 1791 καί
513 1729 651 1811 έχόρευον
677 1731 752 1812 πρὸς
778 1731 810 1792 τδ
836 1739 949 1812 γνῶναι
975 1731 1088 1804 πάντας
1116 1730 1159 1791 ὅτι
1174 1753 1200 1793 15

144 1823 217 1908 παρ’
237 1826 317 1912 αύτῷ
331 1826 438 1910 αὔριον
455 1828 665 1909 τραφήσονται.
706 1837 792 1890 τοῦτο
811 1821 867 1903 οὖν
885 1828 1026 1907 πεποίηκε
1040 1822 1159 1909 Ῥῶμος,

144 1923 187 1997 ὡς
209 1925 335 2006 εἴρηται,
362 1924 437 2007 πρὸς
459 1926 491 1988 τδ
513 1924 718 2008 ἀπαλλαγῆναι
742 1935 795 2005 τῆς
818 1927 931 2008 ύβρεως
958 1924 1080 2005 ἑαυτοῦ,
1106 1949 1159 1986 κα-

144 2022 231 2097 λέσας
257 2024 290 2086 τὸ
318 2022 414 2105 ὄνομα
440 2034 493 2086 τοῦ
520 2023 641 2105 ἀρίστου
674 2023 788 2086 ἐκείνου
815 2024 1026 2104 Βρωμαλιούμ,
1058 2023 1075 2084 δ’
1101 2022 1160 2085 ἐστι

143 2120 287 2202 βωμαῖστί
319 2120 351 2182 έκ
382 2131 441 2184 τῶν
470 2120 630 2203 ἀλλοτρίων
664 2131 823 2204 τραφῆναι.
877 2118 897 2199 ἡ
925 2118 957 2181 δὲ
988 2121 1058 2181 θεία
1090 2121 1158 2199 δίκη

145 2228 251 2280 τοῦτον
279 2218 349 2297 μετὰ
375 2228 467 2280 ταῦτα
494 2218 544 2280 διὰ
565 2219 622 2298 τὴν
643 2228 696 2281 τοῦ
720 2217 851 2296 ἀδελφοῦ
879 2217 1029 2300 ἀναίρεσιν
1056 2222 1159 2298 μετῆλ-
1173 2242 1199 2282 το
1213 2241 1238 2281 ιτ
1252 2239 1278 2279 n

144 2322 217 2396 θεν,
244 2315 295 2377 καί
320 2316 409 2390 αύτὸς
431 2315 593 2399 ἀναιρεῖται
614 2316 743 2397 μεληδὸν
764 2314 963 2394 κατατμηθεὶς
989 2314 1022 2375 έν
1044 2321 1083 2399 τῷ
1106 2324 1159 2394 τῆς

139 2407 253 2493 Ῥώμης
275 2415 474 2501 βουλευτηρίῳ
496 2415 672 2494 βασιλεύσας
694 2413 742 2493 ἔτη
766 2410 817 2488 λζ’.

457 2588 527 2674 [ις’.
559 2550 648 2674 Περὶ
672 2587 842 2672 Μαλίου]

211 2715 299 2777 Μετὰ
322 2715 354 2778 δέ
371 2712 484 2796 Ῥῶμον
507 2715 618 2797 συνέβη
641 2717 697 2796 τὴν
717 2710 829 2797 Ῥώμην
857 2715 916 2778 ύπό
938 2715 1060 2779 ὑπάτων
1083 2718 1158 2779 διοι-

142 2819 262 2875 κεῖσθαι
288 2813 338 2875 καὶ
366 2825 535 2896 στρατηγῶν
561 2814 611 2894 ἔτη
634 2811 712 2889 υξς’.
754 2814 783 2888 έξ
811 2805 853 2875 ὧν
880 2812 982 2895 γέγονέ
1004 2837 1048 2888 τις
1070 2833 1156 2896 στρα-
1171 2836 1197 2877 ει

215 2991 320 3058 25—1).
337 2992 380 3055 24,
394 2990 437 3040 20.
456 2985 523 3039 Mal.
537 2990 645 3057 μ183,
662 2991 694 3039 12
705 3003 759 3060 sqq.

214 3150 231 3199 6
244 3145 470 3216 παρατιθέμενος
483 3145 663 3215 (παρατιθείς
676 3146 709 3216 Β)
724 3145 826 3214 ἤσθιεν
840 3144 897 3200 BV.
913 3177 947 3186 -
966 3144 996 3199 ἐκ
1021 3143 1110 3214 εύηων
1121 3175 1155 3184 -

141 3215 364 3289 ἀλλοτριοφάηος
376 3217 407 3271 Β.
428 3250 462 3258 -
482 3223 515 3271 10
529 3217 651 3287 ηρεμῶσι
665 3216 752 3272 BGV.
772 3249 805 3258 -
826 3221 859 3272 17
875 3217 961 3271 αὐτοῦ
1030 3214 1085 3269 GN
1090 3215 1116 3268 R
1130 3221 1157 3270 et

141 3289 241 3344 mid.
251 3288 281 3342 F.
296 3320 332 3330 -—
346 3294 380 3344 18
395 3289 585 3361 βρουμαλιούμ
599 3287 649 3343 OG
663 3288 836 3360 βρομαλιούμ
849 3287 874 3340 Ι)
889 3286 1057 3359 βρωμιλιούμ
1071 3285 1105 3340 Η.
1121 3318 1155 3327 -

137 3365 176 3429 ‚22
195 3359 243 3429 ἔτη
260 3358 307 3420 λς’
321 3359 344 3412 Β
367 3359 414 3428 ἔτη
432 3359 477 3431 λβ
493 3358 525 3414 G.
544 3391 580 3400 -
598 3365 632 3414 25
651 3359 727 3431 υξς’]
746 3358 786 3419 λς’
802 3359 828 3413 Ν
846 3361 878 3413 τ’τι
896 3358 923 3411 H
940 3374 1008 3414 οων.
1026 3375 1060 3413 m,
1074 3361 1101 3413 2.

139 3559 143 3568 .
212 3526 230 3574 4
253 3518 411 3589 τρέφεσθαι
432 3519 530 3574 ΡΜαΙ.
555 3551 592 3560 -
620 3526 651 3572 11
676 3520 733 3575 άπδ
757 3521 788 3575 τό
812 3519 888 3588 ἄλφα
909 3519 939 3573 P.
968 3549 1002 3560 -
1031 3523 1064 3572 16
1083 3514 1154 3587 παρ’

142 3591 229 3645 αύτοῶ
248 3590 278 3644 Ρ.
298 3623 332 3632 -
352 3597 384 3646 21
405 3591 500 3663 αὐτὸς]
519 3589 607 3654 οὕτως
624 3590 655 3644 Ρ.
