2617 3909
176 252 292 305 XXXVI
583 248 785 301 PRAEFATIO

179 402 344 476 scripturae
366 399 494 477 vestigia
508 399 579 457 'ullo
602 397 692 457 modo
715 396 859 471 attendit,
887 396 939 455 sed
963 395 1097 455 adhibito
1119 395 1201 455 libro

179 510 198 549 c
222 490 251 549 V
264 507 387 567 prorsus
409 488 526 548 diverso
550 488 687 561 correxit,
710 506 770 563 qno
788 487 902 545 factum
920 488 975 558 est,
996 488 1032 544 ut
1053 484 1203 561 hodieque

178 578 321 639 lectiones
344 577 522 638 recentiores
546 596 564 635 ο
582 576 780 655 genuincmm
796 574 933 652 vestigiis
955 573 1037 634 houd
1055 593 1126 633 rnro
1144 574 1203 633 dif-

179 669 308 728 ferentes
327 665 537 743 deprehendas.
572 664 603 725 A
621 666 695 725 folio
716 669 732 724 1
754 683 849 740 usque
872 663 909 723 ed
928 662 995 723 folii
1015 666 1069 723 10¹
1085 665 1204 739 primae

181 756 336 817 columnae
363 756 484 815 initium
510 756 641 831 pertinet
668 754 758 814 index
782 754 923 830 capitum.
969 752 1089 813 Folium
1113 753 1132 811 5
1156 756 1205 812 est

181 848 251 907 ente
270 847 290 905 4
308 842 487 923 ponendum.
524 844 636 920 [ncipit
659 844 711 903 ille
733 843 771 903 ab
789 844 837 904 his
855 841 988 903 versibus
1011 841 1103 901 rubro
1122 844 1204 901 stre-

179 936 280 995 mento
302 934 435 1011 scriptis:

315 1040 414 1113 Πίναξ
437 1037 563 1121 ολιιριβὴς
585 1048 637 1119 τῆς
660 1046 779 1120 γραφῆς
800 1046 854 1099 τοῦ
876 1038 995 1117 βιβλίον

316 1129 436 1209 πράξεις
457 1137 607 1209 παριστάν
630 1126 680 1188 ιιαλ
702 1128 828 1208 χρόνους
849 1114 1063 1208 στεσηφόρων,

317 1218 437 1301 πράξεις
459 1216 586 1290 παλαιὰς
608 1216 680 1299 ἔργα
702 1214 752 1277 cui
774 1216 971 1289 καταστάσεις.

317 1307 472 1387 συμβάντα
493 1305 543 1367 καὶ
566 1304 737 1387 πραχθέντα
758 1316 818 1379 πᾶς
840 1310 951 1385 μαθεῖν
972 1303 1071 1366 θέλων

318 1397 429 1475 ταύτην
452 1396 558 1475 βίβλον
581 1396 694 1475 δίελθε,
717 1401 780 1468 τοῖς
801 1392 1012 1476 γεγραμμένοις
1042 1402 1045 1407 ’

306 1484 370 1559 Ιτὸν
392 1493 468 1545 νοῦν
491 1484 620 1562 ἒφιστῶν
719 1484 760 1563 μή
783 1485 814 1545 τί
833 1505 894 1545 ττου
916 1484 1021 1562 λάθοι,

319 1572 359 1647 ὡς
382 1571 420 1633 tv
443 1581 593 1654 τταριστῶν
615 1581 708 1633 ταῦτα
729 1578 791 1647 τοῖς
814 1572 870 1635 οὐκ
891 1572 1003 1634 εἰδόσιν

319 1661 395 1743 ἔχειν
417 1663 523 1745 νομίζῃ
545 1661 726 1744 πραγμάτων
748 1661 909 1743 ἐμπειρίαν.

183 1789 220 1849 In
243 1791 325 1848 sexto
349 1807 438 1848 versu
460 1787 592 1847 Aiistirrs
619 1796 692 1847 πᾶσι
719 1788 878 1866 supplevit.
926 1787 1022 1857 Quam
1044 1787 1207 1847 Mureltins

184 1880 218 1939 in
249 1878 435 1956 praefatione
466 1898 495 1952 p.
524 1877 626 1936 XXIII
657 1877 776 1936 exhibet
812 1877 1036 1953 inscriptionem
1071 1877 1207 1935 versibus

186 1967 350 2046 praefixum
367 1965 518 2047 Γεωρμίον
542 1974 673 2046 μοναχοῖι
696 1962 870 2046 ἆμαρτοιλοῖι
893 1964 1014 2046 χρονικὴ
1038 1964 1152 2046 ἱστορία
1174 1968 1207 2024 in

186 2057 286 2117 codice
308 2076 369 2117 non
391 2056 550 2115 invenitur.
596 2055 708 2115 Versus
735 2056 871 2131 sequitur
895 2057 935 2114 28
959 2058 1093 2131 cupitum
1116 2054 1207 2114 index

186 2146 347 2221 eorssndcm
376 2165 453 2221 quoe
480 2148 513 2204 in
540 2148 625 2205 textu
653 2164 672 2203 a
693 2165 722 2221 p.
743 2146 761 2203 6
781 2163 876 2221 usque
899 2145 938 2203 ed
961 2165 990 2221 p.
1009 2146 1061 2218 43,
1082 2147 1123 2204 10
1146 2144 1207 2209 dis-

185 2239 372 2315 tinguuntur.
420 2234 592 2311 Sequuntur
619 2235 710 2293 verba
739 2231 813 2313 ἀρχὴ
841 2241 894 2293 τοῦ
921 2240 1060 2313 χρονικοῦ
1087 2232 1208 2312 βιβλίου

185 2324 337 2405 Γεωργίον
359 2324 449 2384 rubro
473 2327 641 2383 ehamento
665 2323 785 2399 scripta.
829 2323 902 2383 Post
923 2322 997 2381 haec
1020 2322 1116 2381 denuo
1142 2324 1207 2382 110

186 2416 320 2491 capitum
347 2412 554 2488 inscriptiones
587 2414 720 2485 exstant3
752 2412 843 2489 verha
869 2409 915 2491 ’ρ’δ.
939 2411 971 2472 οί
995 2419 1054 2471 τῶν
1074 2414 1208 2492 ,Περσῶν

186 2503 316 2582 βασιλεῖς
342 2501 433 2561 rubro
461 2504 627 2561 atramento
656 2500 768 2578 scripta
795 2504 874 2560 sunt.
918 2501 999 2559 Ante
1027 2502 1135 2578 cepitis
1164 2502 1206 2559 89

186 2591 411 2667 inscriptIonem
439 2590 530 2649 verba
558 2592 676 2650 exstent
705 2589 738 2649 ολ
761 2598 821 2650 τῶν
848 2590 1049 2668 Βαβυλωνίαν
1079 2590 1209 2668 βασιλεῖς

188 2682 255 2756 ipsa
291 2698 411 2756 quoque
447 2679 538 2738 rubro
575 2682 744 2739 stramento
776 2682 896 2755 scripte.
951 2678 1084 2738 Praefixo
1116 2679 1208 2739 titulo
1297 2751 1298 2760 ρ

182 2770 292 2841 'codem
323 2770 421 2828 colore
448 2770 559 2843 scrIpto
588 2760 676 2848 Ἀρχὴ
706 2775 759 2847 τῆς
785 2776 844 2828 τῶν
866 2762 1017 2845 Ῥωμαίων
1049 2766 1209 2846 βασιλείας,

188 2860 374 2935 postremum
395 2852 493 2917 locuni
517 2857 652 2916 obtinent
678 2859 717 2917 91
739 2859 873 2934 capitum
893 2857 1112 2933 inscriptiones,
1136 2876 1208 2932 quc-

188 2968 255 3007 rum
284 2948 545 3025 quadragesimam
577 2947 737 3007 secundem
768 2949 912 3007 cnteeunt
940 2946 1031 3006 verba
1057 2945 1210 3027 Χρονικὸν

188 3044 242 3115 τῆς
273 3045 333 3096 τῶν
365 3038 553 3117 Χριστιανῶν
584 3035 733 3114 βασιλείας
764 3036 854 3096 rubro
887 3039 1054 3095 atramento
1089 3035 1208 3112 scripta.

189 3126 273 3185 Haec
290 3125 399 3185 ultime
415 3127 454 3184 91
471 3128 572 3201 cupita
590 3127 622 3184 in
636 3125 841 3202 paragraphos
855 3124 1040 3184 dividuntur.
1076 3124 1209 3184 Plerum-

190 3235 247 3291 que
276 3215 378 3274 eedem
405 3214 530 3290 pertitio
557 3214 592 3274 fit
618 3217 720 3274 textus
747 3218 778 3273 et
804 3214 926 3290 indicis,
953 3215 1004 3273 sed
1030 3214 1138 3273 indicis
1165 3216 1209 3272 in·
1297 3257 1298 3288 p

190 3304 366 3381 scriptiones
392 3304 570 3380 copiosiores
594 3307 673 3363 sunt.
1297 3293 1298 3320 ³

258 3409 404 3471 Similiter
417 3430 442 3471 e.
457 3432 484 3490 g.
500 3414 590 3487 atque
605 3412 636 3469 in
634 3411 752 3505 -codice
768 3402 858 3492 Ποῖ.
877 3431 906 3488 p.
921 3402 1065 3491 XXXIII)
1079 3412 1112 3469 in
1126 3413 1210 3469 textu

190 3520 349 3596 imperium
362 3518 479 3578 Phocoe
492 3536 615 3577 numero
634 3518 670 3596 ξβ
688 3518 866 3596 insignItum
882 3517 915 3575 in
930 3519 992 3576 tres
1005 3516 1210 3595 paragraphos
1297 3535 1298 3540 ¹

188 3607 322 3668 divisum
345 3612 399 3683 cst,
428 3610 457 3667 et
485 3607 606 3666 eaedem
629 3607 691 3667 fere
713 3608 922 3684 inscriptiones
949 3606 981 3664 in
1005 3607 1140 3684 margine
1163 3625 1211 3664 ex·
1297 3613 1298 3646 I
