2617 3909
153 251 294 301 LXXVHI
556 249 759 300 PRAEFATIO

154 399 277 474 nullam,
297 398 370 474 quid
383 400 533 458 versiones
548 398 618 457 illae
637 398 676 458 ad
689 401 806 457 textum
818 398 1038 458 restituendum
1051 399 1179 459 valeant

154 488 317 547 diiudicare
340 506 464 563 nequeo.
500 487 605 563 Neque
624 506 695 547 vero
713 488 794 547 ullus
817 507 853 546 ex
870 490 908 547 iis
930 489 1047 547 fruetus
1064 487 1177 547 redun-

154 577 224 637 dare
242 579 351 653 potest,
373 576 432 635 nisi
451 596 486 636 ex
504 575 649 635 librorum
668 578 762 653 stirpe
776 577 896 636 diversa
914 596 933 635 a
950 576 1035 635 libris
1053 580 1179 654 praeter

152 666 182 725 P
202 664 427 743 superstitibus,
456 686 491 725 ex
517 665 602 725 libris
631 667 726 744 igitur
749 666 844 725 codici
865 667 895 724 P
919 665 1060 725 affinibus
1082 666 1176 726 fluxe-

152 758 232 814 runt.
278 754 411 815 Alterius
435 757 514 814 enim
537 754 670 813 familiae
694 756 872 831 archetypus
890 755 967 814 liber
989 755 1027 813 ad
1050 756 1177 816 verbum

151 845 213 903 fere
233 864 249 903 e
267 844 418 904 codicibus
437 846 551 922 graecis
570 846 633 904 sine
652 844 775 903 illarum
793 845 906 904 auxilio
924 846 1045 904 restitui
1062 846 1175 922 potest.

151 933 329 994 Incumbent
350 936 384 992 in
401 934 479 993 hanc
498 934 705 1009 quaestionem
723 933 781 992 viri
804 934 851 992 illi
868 933 1010 993 industrii
1029 951 1064 993 ac
1082 934 1177 1011 docti

153 1025 206 1099 qui
233 1023 264 1081 in
287 1022 396 1083 Russia
423 1022 530 1082 studiis
554 1022 731 1099 Byzantinis
758 1042 869 1101 magna
896 1042 965 1083 cum
991 1022 1080 1082 laude
1103 1041 1177 1100 ope-

151 1131 218 1171 ram
240 1113 321 1171 dant.

220 1200 278 1271 Qui
300 1204 332 1259 in
358 1202 463 1261 multis
492 1200 686 1277 scriptoribus
714 1202 828 1261 tructus
858 1199 1008 1259 redundat
1029 1219 1065 1258 ex
1087 1201 1177 1259 testi-

150 1292 268 1366 moniis,
287 1293 350 1350 11111
365 1292 436 1366 quia
450 1290 565 1350 codices
580 1292 741 1366 supersunt
754 1290 875 1368 singuli,
888 1290 952 1349 sive
969 1291 1041 1365 quia
1054 1289 1172 1350 codices

32 1418 34 1422 -
152 1384 287 1456 ipsorum
301 1380 481 1456 scriptorum
494 1383 594 1439 aetate
607 1380 705 1439 multo
720 1383 790 1439 sunt
802 1379 990 1454 recentiores,
1003 1379 1036 1436 111
1051 1377 1176 1457 Georgii

151 1471 290 1529 chronico
318 1469 432 1544 percipi
460 1486 520 1527 non
548 1472 655 1543 potest.
701 1468 796 1527 Primi
823 1470 902 1528 enim
932 1469 1064 1527 chronici
1095 1487 1174 1528 unus

151 1577 239 1634 quem
254 1576 345 1633 supra
359 1558 589 1616 commemoravi
602 1558 685 1617 locus
701 1578 719 1617 a
731 1560 895 1617 recentiore
910 1559 1054 1633 scriptore
1067 1556 1174 1615 lauda-

151 1650 214 1720 tur,
243 1647 366 1706 alterius
394 1646 529 1705 familiae
557 1647 604 1705 tot
631 1648 792 1723 supersunt
817 1647 901 1721 libri,
929 1648 965 1704 ut
987 1645 1026 1704 ad
1049 1646 1176 1705 verbum

149 1754 245 1812 paene
268 1735 359 1794 codex
382 1735 465 1795 iliius
489 1735 669 1812 archetypus
695 1735 815 1795 restitui
838 1737 941 1812 possit
988 1733 1175 1810 Supervacu-

150 1843 239 1883 neum
262 1824 357 1902 igitur
378 1824 453 1883 mihi
475 1823 596 1883 videtur
618 1843 690 1899 esse,
714 1824 831 1893 addere,
854 1827 890 1883 ut
907 1825 1068 1885 Muraltius
1090 1825 1174 1900 fecit,

150 1916 351 1990 posteriorum
374 1914 668 1993 chronographorum
686 1914 868 1989 testimonia,
891 1913 1000 1990 quibus
1021 1913 1086 1973 sine
1107 1914 1174 1973 ullo

150 2004 250 2063 11111111
273 2007 437 2080 apparatus
461 2004 582 2063 criticus
604 2004 732 2062 nimium
754 2006 924 2081 augeretur,
948 2022 1014 2063 cum
1037 2020 1175 2079 praescr·

149 2093 206 2151 tim
234 2112 424 2168 nequaquam
447 2092 571 2152 verbum
594 2113 609 2152 e
632 2093 724 2152 verbo
751 2093 849 2152 fontes
876 2092 924 2150 1111
950 2091 1091 2167 reddant,
1119 2092 1174 2153 sed

149 2185 266 2241 textum
287 2184 414 2257 mutent,
438 2185 606 2259 excerpant,
629 2182 762 2242 fontibus
787 2182 914 2257 denique
938 2182 1006 2241 11111
1029 2180 1173 2243 admixtis

150 2275 288 2349 augeant.
325 2271 452 2331 Accedit
473 2272 553 2347 quod
576 2273 684 2331 horum
707 2271 1001 2349 chronographorum
1024 2270 1172 2332 editiones

149 2379 339 2437 nequaquam
365 2363 465 2420 textus
492 2361 637 2436 praebent
661 2360 768 2438 quibus
795 2362 854 2419 niti
881 2364 1037 2435 tamquam
1063 2360 1172 2419 funda·

149 2452 250 2509 mento
273 2450 435 2528 philologis
458 2450 556 2509 liceat.

217 2538 288 2597 Sola
312 2538 436 2598 adhibui
459 2538 608 2615 Excerpta
627 2537 877 2599 Constantiniana
901 2538 936 2596 de
955 2538 1169 2616 legationibus,

149 2628 185 2686 de
207 2626 334 2701 insidiis,
358 2628 393 2686 de
415 2628 580 2688 virtutibus
604 2619 770 2708 (Excerpta
796 2628 833 2688 de
854 2628 972 2687 insidiis
994 2629 1027 2686 et
1048 2627 1085 2686 de
1107 2628 1169 2686 vir·

147 2716 264 2775 tutibus
287 2716 420 2775 nondum
438 2717 520 2776 edita
541 2718 573 2775 in
596 2737 695 2776 meum
714 2736 803 2777 usum
823 2719 889 2794 ipse
909 2708 1114 2798 transscripsi)
1139 2719 1172 2777 et

151 2824 186 2864 ea
201 2824 277 2881 quae
292 2804 411 2880 Suidas,
430 2808 483 2881 qui
502 2805 665 2884 Georgium
679 2825 714 2865 ex
733 2807 805 2866 10111
822 2807 870 2866 his
889 2805 1045 2882 Excerptis
1063 2805 1171 2866 laudat

149 2888 200 2977 (cf.
219 2914 296 2972 quae
314 2894 376 2953 dini
390 2895 519 2954 Hermae
538 2896 596 2955 vol.
611 2895 691 2971 XXI,
709 2916 738 2973 p.
756 2889 873 2977 lsqq.),
890 2895 961 2954 inde
974 2895 1169 2971 deprompsit.

147 2985 253 3061 Neque
275 3003 345 3043 vero
373 2987 558 3061 excerptores
586 2985 746 3045 chronicon
773 3004 869 3061 neque
896 2987 1037 3060 excerpta
1060 2983 1168 3045 Suidas

148 3074 187 3132 ad
210 3074 335 3133 verbum
357 3074 467 3150 ubique
485 3074 761 3151 transscripserunt,
783 3076 816 3131 in
834 3076 962 3150 utroque
980 3074 1073 3151 igitur
1090 3076 1169 3133 teste

148 3163 316 3223 adhibendo
338 3182 449 3241 magna
472 3165 610 3224 cautione
634 3182 709 3240 opus
732 3166 785 3222 est.
835 3163 942 3240 Neque
967 3166 1070 3221 tamen
1096 3162 1170 3222 licet

147 3252 220 3311 haec
250 3254 436 3328 testimonia,
469 3272 545 3330 quae
572 3253 684 3312 librum
711 3252 823 3313 saeculi
845 3253 886 3327 X,
916 3252 1045 3311 fortasse
1075 3252 1168 3311 etiam

147 3342 343 3402 vetustiorem
365 3346 539 3418 sequantur,
562 3343 721 3420 negligere.

214 3430 311 3489 Venio
338 3434 400 3490 iam
428 3432 466 3491 ad
494 3432 626 3491 chronici
653 3433 768 3507 partes,
795 3432 1018 3507 inscriptiones,
1047 3430 1108 3488 alia
1134 3430 1168 3488 id

148 3538 249 3597 genus.
291 3520 327 3577 In
351 3540 410 3596 quo
430 3540 506 3596 quae
528 3522 561 3579 in
579 3520 706 3598 singulis
725 3520 876 3580 codicibus
899 3519 1100 3580 describendis
1118 3538 1167 3578 ex-

146 3610 234 3686 posui
256 3612 389 3669 nuncin
414 3629 474 3669 uno
497 3612 658 3687 conspectu
681 3609 840 3669 collocabo.
882 3610 981 3685 Atque
1005 3609 1167 3669 Muraltiua
