2617 3909
163 212 204 276 10
470 214 656 266 ΓΕΩΡΓΙΟΤ
674 214 855 267 ΜΟΝΑΧΟΤ

161 362 270 441 φησίν,
297 360 313 423 ὁ
336 370 394 422 νῦν
420 360 473 424 τὸν
495 362 569 423 κατά
590 379 646 423 σον
669 362 767 440 φόνον
789 359 995 440 ἀποτολμήσας
1017 371 1118 424 κακῶν
1141 379 1173 424 σε

161 469 220 520 τῶν
237 458 310 520 κατὰ
328 459 380 521 τὸν
393 458 525 541 παρόντα
539 461 607 539 βίον
620 457 788 533 ἀπαλλάξας
805 458 861 537 τήν
874 459 948 520 κατά
960 475 1016 522 σον
1029 459 1173 542 παραλύει

161 558 310 639 τιμωρίαν.
347 555 395 618 διὸ
418 557 457 636 δή
479 573 586 636 φησιν·
609 555 659 619 καλ
682 556 767 619 ἔθετο
789 557 892 638 κύριος
911 554 927 618 ὁ
945 556 1017 631 θεὸς
1038 563 1077 642 τῷ
1092 557 1173 620 Κάϊν

161 660 284 734 σημεῖον
305 663 359 716 τοῦ
381 654 422 734 μή
445 653 559 717 ἀνελεῖν
581 654 673 716 αὐτὸν
695 655 791 718 πάντα
813 654 865 716 τὸν
883 653 1055 735 εὑρίσκοντα
1072 655 1172 718 αὐτόν.

66 773 148 815 τισι
225 745 257 814 Ὁ
285 751 317 813 δέ
343 775 375 834 γε
402 751 477 832 Σήθ
505 763 619 836 πρῶτος
646 752 743 835 ἐξεῦρε
771 753 926 834 γράμματα
948 747 1092 835 Ἑβραϊκὰ
1123 752 1172 814 καί

162 851 271 929 σοφίαν
303 850 352 912 καὶ
379 850 415 912 τά
440 857 546 931 σημεῖα
573 861 625 913 τοῦ
653 850 785 933 οὐρανοῦ
817 850 866 911 καὶ
898 849 950 924 τὰς
978 851 1087 931 τροπὰς
1113 860 1173 912 τῶν

162 948 305 1010 ἐνιαυτῶν
322 948 372 1010 καί
390 948 460 1024 τοὺς
476 958 573 1029 μῆνας
590 948 641 1010 καί
659 949 711 1022 τὰς
723 947 968 1028 ἓβθομάὃας,“καὶ
982 954 1043 1022 τοῖς
1055 946 1173 1030 ἀστροις

160 1045 307 1126 έπέθηκεν
330 1045 460 1126 ὀνόματα
487 1046 537 1109 καλ
564 1051 625 1120 τοῖς
646 1045 732 1110 πέντε
754 1045 916 1124 πλανήταις
942 1046 985 1120 εἰς
1011 1046 1043 1108 τὸ
1065 1047 1173 1128 γνωρί-

80 1144 83 1148 ⁴
162 1146 263 1218 ζεσθαι
285 1144 344 1207 ὑπὸ
366 1155 427 1206 τῶν
447 1144 618 1227 ἀνθρώπων
639 1144 691 1206 καί
708 1143 810 1224 μόνον.
846 1142 896 1204 καί
914 1142 965 1206 τὸν
983 1141 1037 1223 μὲν
1054 1153 1173 1225 πρῶτον

121 1264 148 1304 10
161 1243 314 1322 πλανήτην
336 1241 442 1326 ἀστέρα
464 1242 579 1306 έκάλεσε
597 1241 728 1323 Κρόνον,
751 1242 802 1306 τὸν
823 1239 855 1304 δὲ
873 1242 1010 1324 δεύτερον
1028 1243 1097 1322 Δία,
1119 1241 1172 1304 τὸν

161 1338 194 1402 ’δὲ
211 1341 308 1421 τρίτον
318 1339 417 1422 Ἄρεα,
439 1342 492 1404 τὸν
509 1339 542 1402 δέ
558 1339 695 1423 τέταρτον
710 1334 899 1421 Ἀφροδίτην,
920 1339 971 1402 τὸν
990 1337 1022 1409 δὲ
1039 1338 1172 1419 πέμπτον

155 1432 278 1519 Ἑρμῆν.
314 1437 385 1516 μετὰ
408 1436 441 1499 δέ
463 1437 514 1500 τὸν
537 1437 741 1517 κατακλυσμὸν
761 1441 879 1501 Καϊνᾶν
902 1437 918 1500 ὁ
942 1437 1007 1511 υίὸς
1021 1433 1173 1520 Ἀρφαξάθ

161 1535 367 1616 σννεγράψατο
394 1534 450 1615 τήν
476 1534 673 1617 ἀστρονομίαν
703 1534 835 1616 εὑρηκὼς
861 1537 916 1616 τήν
943 1545 995 1598 τοῦ
1022 1535 1096 1616 Σὴθ
1122 1534 1173 1600 καὶ

161 1640 220 1694 τῶν
250 1631 344 1694 αὐτοῦ
370 1631 480 1694 τέκνων
507 1631 672 1712 ὀνομασίαν
701 1632 750 1694 καί
777 1643 837 1695 τῶν
863 1631 992 1716 ἀστέρων
1021 1632 1054 1695 ἒν
1083 1633 1173 1696 πλακλ

123 1743 148 1783 1⁶
162 1730 264 1814 λιθίνη
287 1728 480 1814 γεγλνμμένη.
521 1731 553 1792 ολ
569 1730 625 1813 γὰρ
643 1740 697 1792 τοῦ
715 1729 789 1810 Σὴθ
811 1731 926 1813 ἔγγονοι
948 1730 1173 1813 προμνηθέντες

160 1823 280 1888 ἀνωθεν
302 1827 358 1906 τήν
376 1826 539 1907 μέλλουσαν
556 1829 693 1909 γίνεσθαι
712 1828 835 1910 φθορὰν
852 1839 911 1891 τῶν
929 1828 1100 1910 ἀνθρώπων
1123 1828 1173 1892 καί

161 1925 336 2003 ποιήσαντες
358 1926 413 1986 δύο
436 1925 556 2005 στήλας,
580 1927 651 2004 μίαν
674 1924 729 2006 μὲν
752 1928 888 2007 λιθίνην,
911 1925 1010 2008 ἑτέραν
1034 1925 1066 1988 δὲ
1088 1932 1173 1990 πλιν-

162 2023 269 2101 θίνην,
296 2022 431 2103 ἔγραψαν
453 2023 486 2086 έν
508 2023 611 2097 αὐτοῖς
634 2023 671 2084 τά
697 2023 730 2086 ἐκ
757 2033 809 2087 τοῦ
831 2025 955 2086 πάππον
978 2025 1077 2088 αὐτῶν
1099 2023 1173 2104 Σὴθ

161 2119 316 2181 ἐκτεθέντα
333 2120 459 2202 οάράνια
481 2121 577 2182 πάντα
594 2123 782 2204 λογισάμενοι
805 2121 860 2202 ὅτι,
882 2122 910 2185 εί
931 2119 985 2201 μέν
1003 2115 1043 2183 δι’
1064 2123 1173 2195 θθατος

122 2216 179 2282 τοὸ
201 2217 310 2296 κόσμος
332 2225 523 2302 καταφθαρή,
546 2216 566 2298 ή
584 2221 689 2298 λιθίνη
709 2219 800 2298 στήλη
824 2219 903 2299 μένει
925 2218 975 2281 καί
993 2220 1028 2280 τά
1045 2219 1079 2282 έν
1097 2219 1172 2304 αὐτῇ

161 2314 357 2398 γεγλυμμένα,
384 2317 413 2378 εί
439 2315 471 2378 δὲ
498 2315 548 2378 θιά
575 2318 684 2398 πυρός,
712 2315 731 2396 ή
754 2318 899 2396 πλινθίνη
927 2318 1045 2392 σώζεται
1072 2321 1173 2380 πλεῖον

161 2411 334 2493 πνρονμένη
361 2412 411 2474 καλ
437 2414 473 2475 τά
499 2413 532 2476 ἐν
559 2413 635 2499 αὐτῇ
663 2413 856 2497 γεγραμμένα.
901 2414 965 2493 ήτις
988 2414 1079 2494 στήλη
1102 2415 1173 2494 μετὰ

161 2508 213 2571 τὸν
235 2510 440 2590 κατακλυσμὸν
462 2512 505 2584 είς
526 2512 559 2575 τὸ
582 2513 708 2594 Σίριδον
732 2511 800 2594 ὅρος
822 2512 916 2592 ἔμεινε
943 2511 993 2574 καὶ
1017 2512 1095 2574 ἔστιν
1117 2511 1173 2585 ἕως

161 2605 236 2687 ἀρτι,
261 2608 301 2680 ὥς
324 2627 418 2688 φησιν
437 2603 586 2689 Ἰώσηπος.

233 2775 320 2824 6-12
334 2768 400 2824 Mal.
416 2771 433 2824 λ.
444 2771 461 2825 l.
476 2771 511 2839 cf.
526 2770 582 2827 Ιιοο
596 2771 642 2826 Gr.
653 2790 683 2842 ρ.
699 2778 725 2843 9,
734 2777 768 2826 22
785 2779 810 2828 et
824 2777 857 2827 16
866 2789 920 2842 τηρ.
936 2804 970 2812 -
986 2777 1090 2826 12-24
1104 2771 1171 2827 Mal.

162 2842 179 2895 λ.
199 2841 216 2896 l.
236 2857 266 2909 ρ.
287 2846 328 2895 10.
355 2842 390 2908 cs.
410 2841 440 2896 L.
459 2840 505 2897 Gr.
520 2861 550 2914 p.
567 2847 596 2910 9,
617 2850 649 2898 18
659 2860 713 2914 τηρ.
741 2842 856 2899 Cedron.
875 2844 932 2913 Ιρ.
954 2849 1000 2910 16,
1020 2848 1118 2914 λοορρ.
1138 2875 1172 2918 7·

163 2918 197 2967 24
214 2910 326 2982 Joseph.
341 2913 408 2967 Ant.
422 2913 443 2981 Ι,
459 2919 501 2968 71.

233 3043 249 3091 θ
268 3035 305 3105 δή
322 3037 386 3092 aad.
405 3054 440 3093 ex
452 3037 505 3092 AN
511 3037 532 3092 P
550 3055 600 3094 om.
617 3039 678 3094 rell.
694 3038 770 3094 Suid.
790 3069 826 3080 -
846 3045 878 3095 12
898 3037 1001 3093 καϊνάν
1020 3037 1173 3106 BOGNR3

160 3109 232 3163 ι’κΙι
254 3115 380 3165 avemus
400 3125 458 3164 mm
478 3111 543 3165 bene
560 3112 737 3182 ἀλγηοιολλντ.
762 3141 796 3152 -
821 3115 854 3164 15
872 3107 1063 3181 γεγλυμμένην
1082 3109 1104 3163 Β
1146 3130 1174 3166 ε-

160 3178 303 3250 γλνμμὲνα
316 3179 338 3234 L
356 3179 551 3251 γεγραμμένην
565 3182 591 3235 Β
604 3190 631 3238 et
641 3182 669 3236 H
687 3181 733 3238 sed
745 3199 780 3237 οι.
795 3183 815 3236 2
828 3199 862 3236 επ
874 3178 1058 3252 γεγραμμένη.
1074 3213 1108 3221 -
1127 3130 1173 3236 έκ-

160 3270 240 3319 γονοι
253 3250 309 3306 LV.
329 3283 363 3293 -
383 3257 416 3305 16
435 3249 568 3322 γίνεσθαι
599 3252 714 3309 ἔσεσθαι
728 3253 779 3306 AR
797 3269 848 3308 om.
865 3251 896 3306 G.
918 3284 952 3292 -
972 3258 1005 3306 18
1025 3251 1055 3307 έν
1074 3253 1173 3315 αάταῖσ

159 3337 211 3377 om.
230 3321 264 3375 N.
280 3353 313 3364 -
333 3328 367 3376 20
383 3321 462 3393 μένει
475 3322 528 3378 ΒΡ
581 3344 616 3394 νη
630 3323 684 3378 CH
701 3333 781 3393 μενεῖ
797 3322 900 3378 GLRV
918 3331 988 3394 μονή
1003 3324 1028 3377 Δ
1046 3320 1173 3392 διαμένει

161 3392 192 3447 Β.
211 3425 246 3434 -
265 3399 298 3449 21
317 3391 496 3465 γεγραμμένα
509 3393 657 3450 ΔΒΘιΗΙλ.
672 3427 706 3436 -
725 3393 885 3462 σωθήσεται
899 3395 979 3449 ALR.
996 3425 1030 3435 -
1049 3397 1083 3448 28
1102 3390 1173 3464 σίρι-

162 3465 211 3528 &oe
229 3462 283 3518 GR
301 3467 391 3543 ηίριον
409 3466 436 3519 Η
460 3466 575 3535 σιθηρθν
594 3465 622 3521 G.
642 3499 677 3507 -
697 3472 731 3521 λλ
751 3465 894 3536 emmae
912 3465 963 3519 Aa
982 3463 1117 3527 ίώσιππος
1135 3465 1171 3520 Ν.

232 3593 266 3642 20
285 3585 344 3658 ήτις
362 3593 459 3661 λιθίνη
479 3590 561 3659 στήλη
581 3590 611 3646 P.
