2617 3909
177 230 264 279 LXIV
581 227 783 277 PRAEFATIO

178 397 213 436 ex
242 374 349 453 (lyr-illi
376 378 481 435 contra
508 375 666 434 Julianum
686 375 900 450 imperatorem
926 375 1012 433 libris
1042 377 1202 451 excerptus

178 467 282 526 eadem
304 466 393 543 plane
411 465 536 539 ratione,
560 467 595 522 ut
618 484 636 523 a
655 462 785 542 Georgia
803 465 869 540 ipso
888 465 1033 540 scriptum
1051 482 1114 523 esse
1136 483 1202 523 non

178 558 219 617 sit
241 575 293 615 cur
315 554 441 614 dubites.
482 554 561 613 Luce
584 555 680 631 igitur
702 554 812 612 clarius
834 572 898 614 esse
916 554 1044 630 videtur,
1066 574 1101 613 ea
1121 572 1201 629 quae

178 647 267 704 nimis
291 644 407 703 abunde
431 664 466 702 ex
492 643 589 703 tribus
612 642 807 719 scriptoribus
830 643 934 702 eadem
961 644 1023 702 fere
1046 643 1201 718 proferen-

178 734 258 793 tibus
282 734 488 793 cumulaverat
511 729 665 809 Georgius,
691 733 847 809 archetypi
869 732 951 791 illius
974 732 1083 792 codicis
1106 732 1202 791 libra·

177 823 256 882 rium
280 824 388 882 omisso
414 821 522 899 cyrilli
544 823 608 881 loco
631 824 665 879 in
687 822 807 881 brevius
830 824 969 899 coegisse.

244 910 360 971 Deinde
374 913 474 972 locum
487 932 515 987 p.
533 912 606 985 132,
623 913 737 986 lOsqq.
756 913 789 970 in
802 910 935 970 Ptolem
948 913 1064 971 exstare
1078 911 1200 987 qualem

179 1000 326 1079 Georgius
345 1002 506 1077 scripserit,
523 1000 556 1059 in
573 1000 699 1075 reliquis
712 1002 824 1059 temere
838 1002 960 1059 auctum
973 1018 1045 1074 esse,
1063 1004 1200 1077 apparet.

177 1090 354 1150 Laudentur
381 1093 483 1150 autem
510 1109 545 1149 ex
567 1092 714 1165 scriptore
736 1090 868 1165 quodam
897 1090 1096 1149 ecclesiastico
1123 1091 1202 1149 mihi

178 1181 281 1259 ignoto
305 1179 341 1239 de
363 1180 476 1257 Moysis
500 1179 723 1239 calamitatibus
744 1182 778 1237 in
799 1180 830 1238 P
848 1179 934 1238 haee:
966 1177 1004 1238 οό
1025 1176 1082 1258 γὰρ
1100 1175 1149 1256 όν,
1172 1179 1202 1239 ελ
1254 1234 1260 1256 ⁴

179 1269 219 1347 μὴ
244 1267 362 1351 σφόδρα
381 1267 472 1329 αὐτὸν
491 1266 631 1329 έσκότωσε
650 1265 701 1327 καί
719 1266 752 1328 έκ
770 1266 896 1347 βάθρων
914 1266 1007 1327 αὐτοῦ
1024 1265 1080 1345 τὴν
1094 1267 1200 1347 ψυχὴν

179 1357 319 1438 ἔστρεψεν
342 1355 358 1419 ὅ
381 1367 435 1436 τῆς
462 1355 597 1435 ἀθυμίας
625 1356 739 1430 ἐκεῖνος
765 1356 905 1437 τάραχος,
932 1354 984 1429 τὰς
1006 1356 1200 1438 θεογράφους

179 1447 292 1518 πλάκας
315 1446 437 1527 έρριψευ
460 1444 518 1507 ἀπὸ
542 1454 602 1506 τῶν
629 1455 735 1526 χειρῶν
757 1444 808 1505 καί
830 1443 1016 1526 συνέτριψεν.
1052 1444 1200 1523 ἐννόησον
1302 1493 1303 1496 ¹

180 1532 212 1595 δέ
234 1557 266 1617 γε
289 1536 364 1615 πρὸς
387 1535 502 1606 τούτοις
525 1527 591 1595 οίον
614 1544 675 1615 πῦρ
704 1533 760 1612 τὴν
783 1534 877 1595 αὐτοῦ
902 1533 1003 1614 ψυχὴν
1025 1532 1127 1613 ἀνῆψε
1148 1534 1201 1596 καί

179 1622 406 1684 ἀκατάπαυστον
430 1623 527 1704 φλόγα
549 1620 667 1705 ἤγειρεν
690 1620 710 1701 ἡ
733 1632 787 1683 τοῦ
805 1622 938 1700 ἀδελφοῦ
957 1622 1074 1702 τελευτὴ
1092 1647 1119 1684 τι.
1134 1646 1158 1685 τ.
1172 1630 1198 1685 λ,

179 1714 215 1772 In
246 1714 372 1791 reliquis
404 1714 488 1774 libris
519 1715 589 1789 post
619 1710 797 1792 συνέτριψεν
829 1714 921 1773 verba
952 1712 985 1774 ἐν
1011 1707 1060 1785 αίς
1086 1711 1201 1794 ὑπῆρχε

179 1800 364 1883 γεγραμμένα
395 1811 500 1881 ταῦτα,
533 1806 599 1861 tum
630 1806 698 1879 ipse
731 1803 832 1862 decem
866 1803 1010 1862 librorum
1046 1821 1201 1863 sacrorum

179 1896 340 1969 praecepta
362 1891 466 1952 addita
493 1895 571 1952 sunt.
616 1892 722 1967 Neque
749 1894 851 1951 tamen
878 1894 1106 1967 praeceptorum
1128 1912 1200 1952 enu-

179 1982 376 2041 merationem
393 1984 425 2040 in
439 1984 517 2041 hunc
532 1983 630 2041 locum
645 1982 792 2058 quadrare
809 2000 906 2057 neque
920 1982 1026 2041 abillo
1045 1984 1200 2058 scriptore,

181 2073 233 2147 qui
256 2072 357 2148 amplo
376 2074 406 2131 et
424 2072 504 2130 elato
523 2072 658 2147 loquitur
679 2090 823 2145 sermone,
845 2070 946 2130 ieiuna
963 2072 1024 2130 ista
1041 2072 1091 2131 hic
1107 2074 1202 2131 inseri

179 2161 324 2237 potuisse,
353 2161 405 2221 sed
428 2180 446 2219 a
469 2161 562 2221 stulto
586 2160 717 2235 quodam
739 2161 859 2219 homine
887 2163 993 2236 postea
1015 2161 1202 2237 interpolata

180 2268 243 2310 esse
266 2254 400 2327 apparet.

247 2340 325 2397 Tum
348 2339 547 2399 animadverti
569 2340 661 2397 velim
689 2338 837 2414 quomodo
863 2342 978 2414 septem
1005 2340 1201 2399 concilionrm

181 2429 437 2488 oecumenicorum
464 2430 497 2487 in
519 2428 548 2486 P
573 2427 721 2504 quomodo
748 2428 781 2485 in
802 2428 927 2503 reliquis
954 2428 1038 2488 libris
1061 2431 1202 2487 narretur

180 2517 307 2577 historia
321 2538 349 2593 p.
362 2519 479 2594 509,3;
495 2518 614 2591 575‚8;
629 2518 766 2591 605‚11;
782 2517 917 2590 611,20;
933 2518 1047 2593 629,1;
1063 2519 1200 2593 uro‚14;

182 2607 256 2681 769,
276 2608 326 2665 10.
363 2606 464 2683 Atque
482 2607 536 2666 illo
555 2608 747 2666 continentur
765 2605 801 2664 de
818 2608 916 2681 primo
935 2607 1061 2665 concilio
1079 2606 1200 2667 fabulae

181 2698 212 2754 et
234 2697 477 2755 narratiunculae
499 2696 612 2754 multae
636 2714 672 2753 ex
695 2688 891 2770 scriptoribus
919 2697 1126 2756 ecclesiasticis
1150 2695 1201 2755 de-

180 2788 338 2861 promptae
361 2786 482 2845 eaedem
505 2803 581 2859 quae
608 2784 641 2842 in
669 2786 775 2844 ceteris
802 2784 901 2859 libris,
928 2786 1046 2861 reliqua
1072 2786 1202 2845 concilia

180 2874 224 2934 ibi
237 2874 368 2934 breviter
381 2877 501 2935 tantum
514 2873 766 2951 perstringuntur.
804 2873 906 2933 Veluti
920 2874 956 2932 de
969 2876 1061 2934 tertio
1079 2877 1201 2935 tantum

180 2966 334 3023 narratur:
363 2962 414 3023 καί
436 2960 456 3041 ἡ
479 2963 560 3042 τρίτη
584 2962 713 3034 σύνοδος
740 2971 800 3023 τῶν
823 2962 983 3023 διακοσίων
1008 2961 1145 3043 πατέρων
1167 2962 1201 3024 έν

178 3046 295 3136 Ἐφέσῳ
318 3050 419 3133 γέγονε
442 3051 516 3113 κατὰ
539 3052 720 3132 Νεστορίου;
753 3052 790 3110 de
814 3054 935 3128 quarto:
963 3050 1014 3111 καὶ
1037 3048 1056 3130 ἡ
1079 3052 1200 3133 τετάρτη

181 3138 282 3222 γέγονε
305 3141 433 3214 σύνοδος
456 3150 515 3202 τῶν
537 3137 580 3222 γλ’
602 3138 738 3221 πατέρων
760 3139 793 3201 έν
815 3139 989 3218 Χαλκηδόνι
1011 3139 1086 3201 κατὰ
1108 3148 1200 3202 Διοσ-

181 3228 274 3311 κόρου
290 3224 524 3311 Ἀλεξανδρείας
548 3232 583 3290 de
603 3233 725 3306 quinto:
747 3229 798 3290 καί
815 3225 836 3307 ἡ
854 3228 972 3308 πέμπτη
991 3228 1092 3311 γέγονε
1110 3230 1201 3291 σόνο-

182 3319 235 3391 δος
251 3328 311 3380 τῶν
330 3316 387 3400 ρξε’
402 3318 538 3401 πατέρων
555 3318 588 3381 έν
606 3318 919 3379 Κωνσταντινουπόλει
938 3318 1012 3379 κατὰ
1027 3313 1200 3401 Ὠριγένους

181 3406 231 3467 καί
253 3416 312 3468 τῶν
334 3407 370 3468 τά
395 3408 511 3471 ἐκείνου
538 3406 758 3487 διαδεξαμένων
785 3406 878 3487 ἀσεβῆ
906 3407 1039 3489 δόγματα
1062 3408 1201 3487 Διόόμον

182 3493 231 3555 καί
250 3495 405 3578 Εάαγρίου
423 3496 474 3558 καί
491 3507 551 3559 τῶν
569 3494 750 3577 δμοῳρόνων
768 3496 861 3558 αὐτοῦ
878 3495 929 3557 καί
946 3496 1021 3557 κατὰ
1041 3497 1201 3577 Θεοδώρου

182 3587 421 3665 Μομψουεστίας
435 3587 615 3648 διδασκάλου
628 3585 803 3667 Νεστορίου.
835 3587 942 3647 Paullo
957 3588 1053 3647 fusius
1067 3586 1104 3647 de
1117 3591 1201 3647 sexto
