2617 3909
181 161 246 225 216
494 164 681 217 ΓΕΩΡΙῚΟΤ
698 160 882 217 ΜΟΝΔΧΟΤ

180 309 341 393 ἡσύχασεν,
368 311 423 391 τὴν
447 309 479 374 δέ
502 314 654 374 Γοθολίαν
681 311 856 376 ἀπέκτειναν
878 312 911 375 ἐν
938 314 1011 400 οἴκῳ
1036 323 1104 376 τοῦ»
1111 317 1199 395 βασι-

181 408 252 483 λε’ως
274 410 491 491 βασιλεύσασαν
513 411 564 490 ἐτη
587 408 627 480 ς’.

524 584 592 670 [ια’.
625 587 715 670 Περὶ
735 583 852 666 Ἰωάς]

248 711 336 774 Μετὰ
359 709 391 774 δὲ
413 714 566 775 Γοθολίαν
590 713 778 794 ἐβασίλευσεν
797 709 881 786 Ἰωδις
902 714 968 787 υίὸς
987 709 1120 794 Ὀχοζίου
1147 714 1198 776 ἐπ

155 807 283 888 ιταέτης
305 808 356 871 καί
378 809 498 890 ἐποίησε
521 809 553 872 τὸ
571 809 662 884 εύθὲς
679 811 808 873 ἐνώπιον
826 811 934 892 κυρίου
952 812 1104 894 πρότερον.
1136 807 1198 874 εἴτα

182 907 381 990 παρατραπείς
402 907 518 989 ἐσφάγη
541 908 574 972 ἐν
601 916 640 994 τῷ
665 910 737 996 οἴκηο
766 908 859 971 αύτού
881 911 1057 990 βασιλεύσας
1080 910 1131 990 ἴση
1155 907 1197 990 μ’.

181 1004 235 1078 ἕως
263 1003 317 1086 μὲν
343 1005 399 1088 γάρ
427 997 467 1086 ἦν
496 1008 695 1087 φωτιζόμενος
721 1007 781 1069 ύπδ
806 1001 906 1069 Ἰωδαέ
935 1017 989 1069 τοῦ
1016 1007 1116 1091 ίερέως
1144 1019 1198 1070 τού

181 1103 231 1164 καί
253 1104 416 1185 βιώσαντος
439 1103 489 1166 διδι
512 1105 567 1184 τὴν
590 1105 703 1185 πολλὴν
725 1103 877 1186 εύσέβειαν
894 1104 988 1167 αύτού
1006 1105 1055 1186 ἔτη
1074 1104 1122 1187 ρλ’
1144 1131 1198 1168 κα-

181 1209 238 1277 λῶς
264 1202 453 1265 ἐπολιτεύετο.
499 1202 569 1282 μετδι
597 1201 629 1265 δέ
656 1203 712 1282 τὴν
738 1203 875 1282 τελευτὴν
905 1211 959 1265 τοῦ
981 1205 1070 1265 θείου
1099 1203 1198 1286 ίερέως

142 1320 167 1358 ιο
181 1301 255 1383 πρὸς
277 1299 414 1381 ἀσέβειαν
436 1299 600 1375 ἀποκλίνας
622 1299 771 1362 ἀπέκτεινε
794 1303 945 1382 Ζαχαρίαν
967 1302 1019 1364 τὸν
1037 1302 1198 1383 προφήτην

181 1398 230 1460 καί
262 1398 330 1460 υἱὸν
361 1407 414 1460 τοῦ
446 1399 626 1460 διδασκάλου
654 1398 756 1460 αὐτοῦ.
802 1398 877 1478 φησί
906 1400 975 1481 γάρ·
1004 1398 1054 1461 καί
1080 1409 1199 1479 πνεῦμα

181 1498 287 1578 κυρίου
318 1494 437 1558 ἐνέδυσε
464 1498 615 1578 Ζαχαρίαν
647 1497 699 1559 τὸν
730 1505 784 1558 τού
808 1491 908 1558 Ἰωδαέ
940 1506 994 1559 τού
1021 1496 1121 1579 ίερέως
1148 1497 1198 1560 καὶ

181 1592 286 1673 ἀνίστη
310 1593 383 1655 κατὰ
406 1593 566 1675 πρόσωπον
588 1603 641 1656 τοῦ
664 1600 738 1657 λαού
760 1593 811 1655 καῖ
837 1588 931 1656 εἴπεν·
955 1584 1026 1657 τάδε
1046 1594 1122 1677 λέγει
1145 1598 1199 1658 κύ
1284 1646 1286 1688 η

183 1707 257 1772 ριος·
287 1691 336 1752 ἴνα
367 1693 396 1752 τί
421 1693 664 1774 παραπορεύεσθε
691 1691 743 1766 τδις
769 1691 888 1767 ἐντολάς
915 1694 1036 1775 κυρίους
1064 1692 1114 1755 καί
1142 1693 1199 1756 ούκ

44 1815 84 1854 154
98 1814 128 1854 M.
144 1809 169 1850 τε
184 1788 427 1870 εύοδωθήσεσθε,
456 1789 507 1850 ὅτι.
529 1789 745 1871 ἐγκατελείπαιε
771 1789 823 1851 τὸν
848 1791 968 1872 κύριον,
997 1790 1048 1852 καῖ
1075 1791 1197 1874 ἐγκατα-

182 1888 277 1965 λείψει
304 1885 390 1967 ὑμᾶς.
435 1887 485 1949 καὶ
511 1887 652 1950 ἐπέθεντο
680 1887 833 1973 αὐτῷκαὶ
860 1889 1078 1970 ἐλιθοβόλησαν
1106 1890 1198 1952 αύτδν
1284 1910 1285 1923 ’

183 1979 223 2047 δι’
248 1984 368 2066 ἐντολῆς
388 1979 471 2059 Ἰωδις
493 1995 547 2048 τού
568 1985 712 2067 βασιλέως
734 1985 767 2048 ἐν
789 1987 866 2072 αύλῇ
890 1988 975 2049 οἴκου
995 1989 1111 2069 κυρίου.
1147 1988 1199 2050 καὶ
1284 1982 1285 2007 ³

183 2083 238 2145 ούκ
260 2083 398 2163 ἐμνήσθη
418 2077 501 2158 Ἰωδις
524 2094 577 2146 τοῦ
600 2083 700 2158 ἐλέους
723 2077 760 2146 ού
783 2084 922 2165 ἐποίησεν
944 2083 1041 2147 Ἰωδαέ
1064 2083 1080 2146 δ
1101 2085 1198 2167 πατὴρ

183 2177 243 2260 μετ’
270 2181 373 2262 αύτού,
396 2177 459 2242 ἀλλ’
485 2181 654 2244 ἐθανάτωσε
677 2182 730 2244 τὸν
752 2182 820 2244 υἷδν
843 2183 945 2246 αὐτοῦ.
990 2181 1040 2244 καί
1064 2181 1104 2256 ὡς
1127 2182 1198 2245 ἀπέ-

142 2301 168 2340 νο
182 2285 315 2359 θνησκεν
342 2275 434 2341 εἶπεν·
459 2281 518 2370 ἴδοι
547 2281 650 2363 κύριος
677 2278 729 2341 καλ
755 2281 890 2362 κρινάτω.
936 2279 987 2342 καί
1014 2280 1085 2360 μετὰ
1107 2290 1199 2342 ταῦτα

182 2374 322 2438 ἐπέθεντο
344 2376 423 2462 αύτῷ
443 2378 475 2438 οί
494 2379 598 2452 παῖδες
620 2377 714 2439 αὐτοῦ
737 2376 769 2439 ἐν
792 2379 914 2459 αἴμασιν
936 2379 1007 2440 υίού
1022 2374 1123 2440 Ἰωδαέ
1144 2388 1198 2441 τοῦ

182 2472 280 2555 ἱερέως
306 2473 356 2535 καῖ
384 2471 578 2536 ἐθανάτωσαν
605 2471 697 2537 αὐτὸν
724 2475 757 2538 ἐν
779 2482 820 2560 τῷ
843 2477 915 2560 οἴκῳ
938 2475 1039 2537 αὐτοῦ.
1085 2471 1135 2554 ἐφ’
1161 2469 1198 2538 ού

182 2572 316 2650 Σίβυλλα
339 2569 358 2650 ἡ
381 2574 504 2652 Κυμαία
527 2573 704 2655 ἐγνωρίζετο.

248 2666 309 2728 Καὶ
332 2665 494 2750 άνθρωπός
516 2693 560 2744 τις
583 2670 615 2732 ἐν
637 2678 678 2756 τῷ
699 2665 814 2753 Ἰσραὴλ
841 2672 984 2746 πλούσιός
1006 2695 1036 2732 τε
1058 2671 1108 2732 καί
1131 2670 1198 2733 άνε-
1284 2717 1286 2721 ⁷

255 2837 359 2885 13-22
376 2830 408 2884 Π.
425 2829 523 2885 Chron.
535 2838 578 2900 24,
590 2838 687 2903 2Οερη.
702 2867 736 2875 -
751 2840 786 2888 22
800 2835 834 2901 cf.
849 2833 906 2888 Leo
921 2834 1042 2905 Gramm.
1054 2852 1085 2904 p.
1101 2839 1145 2904 34,
1154 2840 1197 2888 21.

254 2979 270 3026 4
290 2973 393 3036 ίωᾶςδ
412 2972 480 3037 ίωᾶς
497 2973 531 3026 Η.
547 3007 580 3015 -
601 2975 701 3031 ἑπταετ
720 2997 735 3038 ς
750 2979 823 3046 (τῆς
835 2977 893 3046 AF)
907 2977 989 3032 ΑΕΒ.
1004 3009 1038 3017 -
1057 2981 1074 3030 8
1092 2977 1175 3031 πολλ’

183 3045 270 3098 αύτοῦ
284 3043 427 3116 εὐσέβειαν
440 3043 475 3098 Ν.
490 3077 523 3085 -
545 3051 577 3100 15
593 3047 789 3116 ἐγκατελιπατε
802 3047 928 3102 BFLRV
942 3045 1158 3118 ἐγκαταλείπατε

183 3113 384 3187 (ἐγκατελίπετε
400 3115 433 3168 Π.
447 3114 565 3187 Ohron.).
581 3149 615 3157 -
635 3123 668 3171 1⁷
684 3118 752 3181 ίωᾶς
765 3119 813 3173 FR
831 3118 900 3182 ἴωᾶς
913 3119 975 3173 ΗΜ
988 3121 1052 3174 item
1064 3136 1089 3174 v.
1105 3124 1147 3173 18.
1162 3151 1196 3159 -

185 3193 217 3241 18
237 3186 357 3257 δπατήρ
377 3188 464 3241 αύτού
482 3185 541 3258 μετ’
559 3189 646 3243 αὐτοῦ
660 3188 788 3245 FLNRV
796 3190 830 3244 Π.
845 3189 945 3246 Chron.
969 3190 1090 3260 δπατὴρ
1110 3191 1198 3245 αὐτοῦ

183 3261 243 3326 (σοι.
262 3255 321 3327 μετ’
343 3259 440 3328 αύτοῦ)
463 3258 494 3314 Β,
519 3291 552 3300 -
577 3265 611 3314 20
634 3259 707 3316 είδοι
729 3262 754 3314 D
780 3261 836 3317 ἴδει
859 3260 879 3316 C
905 3260 952 3332 ἴδη
971 3262 1001 3316 Μ
1023 3262 1088 3317 ἰδοῦ
1108 3262 1138 3315 F.
1162 3292 1197 3302 —

183 3335 217 3381 23
237 3327 350 3400 σίβυλλα
369 3329 391 3381 Ρ
412 3329 525 3400 σιβύλλα
542 3330 603 3384 rell.
624 3363 657 3370 —
679 3337 714 3385 24
731 3352 774 3394 τις
791 3327 827 3402 ἦν
845 3332 876 3387 ἐν
894 3333 953 3387 RV.
973 3365 1007 3373 -
1025 3352 1055 3388 σε
1072 3349 1122 3388 ουκ.
1137 3332 1197 3386 BL.

256 3472 271 3519 9
289 3475 339 3521 τοῦ
363 3467 457 3535 ἱερέως
478 3471 527 3524 καί
550 3469 688 3543 βαραγίον
710 3481 759 3526 τοῦ
782 3474 936 3545 βιώσαντος
953 3475 983 3528 Ρ.
1004 3506 1038 3514 -
1063 3479 1096 3527 13
1114 3475 1197 3546 λαοῦ]

184 3540 255 3591 θεοῦ
270 3537 299 3589 Ρ.
315 3569 347 3576 -
369 3544 402 3592 17
421 3537 521 3608 κυρίου
540 3542 642 3610 μεταξύ
659 3549 710 3595 τοῦ
725 3552 797 3597 ναοῦ
815 3546 864 3598 καλ
881 3553 931 3599 τοῦ
948 3541 1152 3615 θυσιαστηρίου
1165 3544 1196 3598 P.
