2617 3909
527 165 717 264 ΧΡθΝΙΚΟΝ
890 201 893 211 ’
1067 211 1131 274 2151

118 356 235 436 λεήμων
263 357 361 420 ε’λθδιν
388 360 462 442 πρός
489 383 555 422 τινα
584 369 643 420 τῶν
659 359 858 420 Ιδιδασκύλων
885 358 934 420 καί
963 358 1133 434 ἀναπτύξας

118 455 173 534 τὴν
196 456 307 534 σοφίαν
330 461 526 536 Σολομῶντος
548 449 633 538 εύρεν
655 457 763 530 εύθύς·
787 454 803 517 ὅ
826 456 914 519 ἐλεῶν
936 458 1052 540 πτωχόν
1074 464 1136 544 θεῷ

118 553 250 626 δανείζει.
287 553 337 614 καλ
360 553 402 628 είς
425 553 530 617 ἑαυτὸν
552 554 710 635 γενόμενος
732 553 782 615 καί
800 555 974 636 κατανυχεὶς
992 555 1133 619 ἀπελθὼν

117 648 248 733 πέπρακε
265 652 362 712 πάντα
379 651 430 714 καί
449 650 573 731 διένειμε
592 657 718 733 πτωχοῖς
735 650 828 732 μηδὲν
846 651 939 737 ἑαυτῷ
954 655 1134 733 καταλείψας

117 748 197 828 πλὴν
220 750 409 829 νομισμάτων
433 751 497 812 δύο.
533 749 583 812 καὶ
606 750 774 831 πτωχεύσας
796 751 877 812 πάνυ
896 750 945 812 καὶ
963 750 1023 813 ύπδ
1042 754 1132 832 μηδε-
1160 771 1173 812 σ

118 845 171 920 νὸς
194 845 227 908 ἐκ
250 847 336 920 θείας
359 849 533 928 δοκιμασίας
555 847 728 928 ἐλεούμενος
750 849 873 931 ύστερον
894 847 926 909 ἐν
948 848 1041 934 ἑαυτῷ
1060 848 1134 931 λέχει
1225 903 1228 906 ,

118 944 358 1024 μικροψυχήσας·
382 944 578 1026 ἀπελεύσομαι
605 945 648 1018 εἰς
670 940 862 1028 Ἰερουσαλὴμ
888 945 938 1008 καί
966 948 1136 1029 διακρινοῦ-

118 1065 172 1120 μαι
194 1043 234 1125 τῷ
254 1047 316 1126 θεῷ
336 1067 405 1124 μου,
428 1043 473 1105 ότι
491 1042 636 1122 ἐπλύνησέ
654 1066 689 1122 με
708 1045 916 1124 διασκορπίσαι
934 1043 969 1105 τά
987 1043 1135 1126 δπόρχον-

119 1140 157 1201 τά
180 1163 246 1220 μου.
293 1140 495 1222 πορευομένου
519 1140 551 1204 δὲ
574 1141 668 1202 αὐτοῦ
693 1136 770 1203 εἶδεν
797 1139 909 1224 ἀνδρας
931 1143 987 1204 δύο
1011 1142 1136 1223 μαχομέ-

116 1261 192 1310 νους
214 1237 289 1320 πρὸς
311 1237 455 1318 ἀλλήλους
478 1237 618 1321 εὑρόντας
645 1240 734 1301 λίθον
757 1239 865 1320 τίμιον,
890 1241 943 1300 καί
964 1257 1040 1320 φησι
1062 1241 1136 1322 πρὸς
1150 1260 1175 1300 ιο

118 1334 242 1410 αύτούς
262 1336 312 1397 ἵνα
330 1337 367 1417 τί,
386 1335 521 1418 ἀδελφοί,
540 1337 683 1417 μόχεσθες
705 1337 771 1399 δότε
789 1359 840 1418 μοι
858 1336 950 1400 αὐτὸν
968 1337 1018 1398 καὶ
1037 1339 1136 1420 λάβετε

116 1434 284 1513 νομίσματα
317 1435 381 1496 δύο.
426 1445 486 1497 τῶν
514 1432 546 1496 δὲ
576 1433 647 1514 μετὰ
674 1443 765 1516 χαρᾶς
792 1443 898 1496 τοῦτον
925 1435 1136 1517 παρασχόντων

121 1524 174 1613 (ού
197 1529 252 1612 χάρ
275 1529 387 1616 ᾔδεσαν
409 1541 462 1593 τοῦ
487 1533 578 1593 λίθου
600 1533 633 1595 τὸ
656 1525 843 1615 ύπίρτιμον),
865 1531 1002 1613 ἀπῆλθεν
1025 1533 1067 1608 είς
1083 1529 1136 1597 Ἱε-

118 1629 274 1709 ρουσαλδχμ
296 1629 349 1692 τὸν
367 1631 456 1692 λίθου
474 1628 701 1712 ἐπιφερόμενος,
723 1630 774 1693 καί
797 1632 895 1706 δείξας
917 1631 1009 1693 αύτὸν
1031 1649 1136 1713 χρυσο

117 1723 178 1810 χόςο
205 1735 383 1808 παραχρῆμα
410 1725 462 1788 τὸν
489 1728 578 1789 λίθον
605 1728 718 1802 ἐκεῖνος
743 1728 817 1791 ίδδου
839 1727 969 1804 ἀναστὰς
991 1729 1136 1811 προσεκύ-
1150 1749 1176 1790 ισ

118 1840 192 1904 νησε
218 1822 268 1884 καὶ
295 1823 450 1904 ἔκθαμβος
476 1824 634 1906 γενόμενος
661 1825 860 1890 ἐπυνθάνετο·
883 1836 943 1888 ποῦ
970 1826 1023 1889 τόν
1045 1828 1136 1889 πολύ-

118 1943 207 2000 τιμον
237 1919 287 1982 καλ
318 1927 405 1982 θεῖον
436 1923 525 1984 λίθον
552 1932 658 1985 τοῦτον
686 1917 783 2006 εύρες;
810 1924 878 1986 ίδού
908 1924 964 2006 γὰρ
992 1924 1041 2004 ἔτη
1069 1925 1135 2006 τρία
1148 1945 1187 1986 σεε
1199 1945 1231 1984 ει.

119 2017 250 2100 σήμερον
267 2013 460 2100 Ἰερουσαλὴμ
482 2021 612 2083 δονεῖται
634 2021 686 2083 καί
703 2021 898 2083 ἀκαταστατεῖ
916 2020 966 2083 διά
983 2022 1036 2083 τόν
1054 2043 1136 2104 περι-

119 2114 232 2196 βόητον
255 2118 345 2178 λίθον
367 2126 481 2179 τοῦτον.
527 2117 591 2180 ἀλλ’
616 2117 757 2181 ἀπελθὼν
776 2119 828 2193 δός
846 2118 938 2181 αὐτὸν
956 2125 996 2202 τῷ
1011 2117 1141 2201 ἀρχιερεῖ

118 2210 171 2273 καὶ
194 2213 312 2294 σφόδρα
334 2216 516 2295 πλουτήσεις.
562 2225 614 2278 τοῦ
639 2214 672 2278 δὲ
696 2215 913 2298 ἀπερχομένου,
940 2207 1062 2297 ἀχχελος
1084 2240 1135 2279 κυ·
1150 2239 1176 2278 εο

118 2313 188 2393 ρίου
211 2305 273 2373 εἶπε
296 2312 371 2394 πρὸς
394 2313 445 2376 τὸν
468 2312 613 2396 ἀρχιερέα·
637 2324 695 2375 νῦν
718 2313 862 2376 ἐλεύσεται
882 2311 1045 2395 ἀνθρωπος
1063 2313 1137 2395 πρός

118 2428 152 2471 σε
175 2410 227 2471 τὸν
250 2407 454 2472 ἀπολεσθόντα
476 2412 724 2494 πολυθρύλλητον
745 2413 835 2473 λύθεν
857 2411 890 2474 ἐκ
907 2421 960 2492 τῆς
983 2412 1136 2486 διπλοΐδος

116 2504 234 2591 Ἀαρδον
256 2518 309 2570 τοῦ
332 2509 485 2593 ἀρχιερέως
505 2510 587 2592 ἔχων.
624 2509 725 2591 λαβὼν
744 2509 836 2572 αύτδν
854 2508 906 2583 δός
924 2515 964 2594 τῷ
983 2507 1134 2590 ἕνέχκαντι

120 2605 215 2670 αὐτὸν
233 2608 355 2689 χρυσίον
377 2607 454 2670 πολύ
476 2607 527 2670 καλ
549 2606 702 2690 ἀργύριον,
718 2608 787 2687 τόλμα
809 2605 842 2669 δὲ
864 2606 915 2669 καλ
934 2608 1062 2690 ῥαπίσας
1079 2606 1134 2668 αύ-

120 2692 175 2768 τδν
194 2705 316 2785 μετρίως
334 2704 411 2767 είπὲ·
430 2706 472 2786 μὴ
492 2708 605 2780 δίσταζε
623 2705 657 2768 ἐν
674 2715 710 2791 τῇ
729 2706 837 2790 καρδία
856 2723 910 2768 σου
929 2703 1004 2786 μηδὲ
1023 2704 1137 2768 ἀπίστει
1150 2728 1176 2768 ιτ

195 2872 211 2919 2
229 2866 308 2922 Prov.
325 2873 424 2935 19,17,

197 2978 211 3027 1
226 2968 308 3037 οὗτος
321 2974 414 3029 ἐλθὼν
423 2974 456 3028 V.
466 3006 499 3015 -
510 2980 558 3029 23
573 2972 694 3040 δανείζει
708 2974 936 3030 θεῶΑΒΡΗῙιΒ.
945 2981 1007 3028 -4
1021 2973 1137 3047 ἐαύτῷδ

121 3044 199 3118 αύτῷ
217 3043 299 3099 BCV.
320 3077 353 3086 -
373 3052 389 3100 ό
408 3043 563 3115 νομίσματα
578 3047 602 3100 Β
620 3029 779 3116 οοκκμενιιίίσ
796 3063 846 3102 εστ.
861 3048 893 3100 in
911 3046 962 3099 ΡΒ.
983 3077 1016 3086 -
1036 3051 1052 3098 9
1071 3046 1136 3116 μου]

120 3134 171 3186 μοι
190 3115 282 3170 HLM.
301 3149 337 3158 -
356 3121 390 3172 24
408 3117 497 3172 πολύν
515 3117 573 3171 AR.

195 3237 210 3284 2
226 3225 288 3300 εύρε
302 3231 375 3287 κατά
389 3229 543 3302 συγκυρίαν
556 3233 645 3295 εύθύς
653 3233 683 3288 Ρ.
695 3264 728 3274 -
742 3236 780 3287 θε
816 3235 880 3286 m.2
893 3247 961 3286 corr.
976 3248 1010 3286 ex
1022 3230 1094 3286 θεδυ
1106 3231 1135 3284 Ρ.

121 3334 157 3344 -
173 3307 189 3356 8
203 3301 407 3372 διασκορπίσας
415 3304 592 3372 praecedente
606 3304 693 3360 litura
707 3253 837 3374 (καλδζΡ.
853 3334 886 3343 -
903 3307 936 3356 10
949 3302 1022 3371 πρὸς
1035 3303 1138 3366 αύτούς

120 3381 147 3430 et
163 3379 196 3428 11
211 3372 330 3444 ἀδελφοί
343 3392 393 3430 σοι.
408 3375 438 3428 P.
454 3407 487 3415 —
508 3381 541 3429 15
560 3374 629 3429 ἰδὼν
643 3392 694 3430 σοι.
708 3375 739 3429 Ρ.
755 3406 788 3416 -
802 3373 992 3444 προσεκύνησε
1005 3373 1093 3444 λέγων
1106 3373 1136 3429 P.

121 3477 157 3487 -
178 3451 212 3499 16
231 3445 408 3501 ἐπυνθάνετο
427 3463 477 3501 om.
492 3445 521 3499 P.
542 3477 576 3486 -
599 3445 787 3516 πολυζήτηιον
804 3446 834 3500 Ρ.
854 3477 888 3485 -
913 3450 946 3499 19
965 3444 1035 3500 ἀλλά
1051 3445 1082 3499 Ρ.
1102 3477 1138 3486 -

121 3523 158 3644 ἳῗ
179 3516 262 3642 ἔχωιχΞ
282 3517 331 3572 καί
354 3516 404 3580 δδς
426 3517 502 3590 αύτῷ
520 3513 635 3588 χρυσίου
658 3518 729 3572 πολύ
752 3515 822 3588 (rell.
842 3518 904 3580 οικ.)
922 3517 952 3570 Ρ.
973 3548 1005 3557 -
1025 3521 1060 3571 24
1078 3516 1137 3588 ἅμα

122 3593 141 3645 δ
174 3605 224 3643 om.
264 3632 269 3643 .
382 3621 384 3625 -
