<?xml version="1.0" encoding="UTF-8"?>
<!DOCTYPE html PUBLIC "-//W3C//DTD XHTML 1.0 Transitional//EN"
    "http://www.w3.org/TR/xhtml1/DTD/xhtml1-transitional.dtd">
<html xmlns="http://www.w3.org/1999/xhtml" xml:lang="en" lang="en">
 <head>
  <title>
</title>
<meta http-equiv="Content-Type" content="text/html;charset=utf-8" />
  <meta name='ocr-system' content='tesseract 3.04.00' />
  <meta name='ocr-capabilities' content='ocr_page ocr_carea ocr_par ocr_line ocrx_word'/>
</head>
<body>
  <div class='ocr_page' id='page_1' title='image "./georgiimonachic01boorgoog_0078.png"; bbox 0 0 2617 3909; ppageno 0'>
   <div class='ocr_carea' id='block_1_1' title="bbox 165 217 770 269">
    <p class='ocr_par' dir='ltr' id='par_1_1' title="bbox 165 217 770 269">
     <span class='ocr_line' id='line_1_1' title="bbox 165 217 770 269; baseline -0.002 0"><span class='ocrx_word' id='word_1_1' title='bbox 165 220 279 269; x_wconf 82' lang='lat' dir='ltr'>LXXIV</span> <span class='ocrx_word' id='word_1_2' title='bbox 568 217 770 268; x_wconf 79' lang='lat' dir='ltr'><strong>PRAEFATIO</strong></span> 
     </span>
    </p>
   </div>
   <div class='ocr_carea' id='block_1_2' title="bbox 164 360 1190 541">
    <p class='ocr_par' dir='ltr' id='par_1_2' title="bbox 164 360 1190 541">
     <span class='ocr_line' id='line_1_2' title="bbox 164 360 1190 450; baseline -0.002 -23"><span class='ocrx_word' id='word_1_3' title='bbox 164 388 254 427; x_wconf 91' lang='grc' dir='ltr'><strong><em>παντι</em></strong></span> <span class='ocrx_word' id='word_1_4' title='bbox 276 364 394 450; x_wconf 81' lang='grc' dir='ltr'><strong><em>οὐρανῷ</em></strong></span> <span class='ocrx_word' id='word_1_5' title='bbox 413 360 694 445; x_wconf 84' lang='grc' dir='ltr'><strong><em>σομπεριστρέφεται</em></strong></span> <span class='ocrx_word' id='word_1_6' title='bbox 716 362 766 424; x_wconf 83' lang='grc' dir='ltr'><strong>καλ</strong></span> <span class='ocrx_word' id='word_1_7' title='bbox 784 361 990 445; x_wconf 76' lang='grc' dir='ltr'><strong><em>ἐμπεριέχεται,</em></strong></span> <span class='ocrx_word' id='word_1_8' title='bbox 1012 361 1063 423; x_wconf 85' lang='grc' dir='ltr'><strong>καλ</strong></span> <span class='ocrx_word' id='word_1_9' title='bbox 1081 362 1190 438; x_wconf 79' lang='grc' dir='ltr'><strong><em>σκότος</em></strong></span> 
     </span>
     <span class='ocr_line' id='line_1_3' title="bbox 164 451 1190 541; baseline -0.002 -24"><span class='ocrx_word' id='word_1_10' title='bbox 164 464 217 535; x_wconf 86' lang='grc' dir='ltr'><strong>τῆς</strong></span> <span class='ocrx_word' id='word_1_11' title='bbox 244 455 359 517; x_wconf 79' lang='grc' dir='ltr'><strong><em>ἐκείνου</em></strong></span> <span class='ocrx_word' id='word_1_12' title='bbox 387 455 604 541; x_wconf 58' lang='grc' dir='ltr'><strong>κοκλοφορλαςῚ</strong></span> <span class='ocrx_word' id='word_1_13' title='bbox 621 452 678 515; x_wconf 83' lang='grc' dir='ltr'><strong>οὐκ</strong></span> <span class='ocrx_word' id='word_1_14' title='bbox 710 451 748 513; x_wconf 85' lang='grc' dir='ltr'><strong>ἀν</strong></span> <span class='ocrx_word' id='word_1_15' title='bbox 780 474 850 514; x_wconf 91' lang='grc' dir='ltr'><strong><em>ποτε</em></strong></span> <span class='ocrx_word' id='word_1_16' title='bbox 882 451 996 534; x_wconf 86' lang='grc' dir='ltr'><strong><em>χένοιτο</em></strong></span> <span class='ocrx_word' id='word_1_17' title='bbox 1023 454 1190 515; x_wconf 77' lang='lat' dir='ltr'><strong>Athanasii</strong></span> 
     </span>
    </p>
   </div>
   <div class='ocr_carea' id='block_1_3' title="bbox 164 542 1304 622">
    <p class='ocr_par' dir='ltr' id='par_1_3' title="bbox 164 542 1304 622">
     <span class='ocr_line' id='line_1_4' title="bbox 164 542 1304 622; baseline -0.004 -17"><span class='ocrx_word' id='word_1_18' title='bbox 164 543 248 618; x_wconf 80' lang='grc' dir='ltr'><strong><em>ἐκτὸς</em></strong></span> <span class='ocrx_word' id='word_1_19' title='bbox 268 548 333 622; x_wconf 88' lang='lat' dir='ltr'><strong>ipse</strong></span> <span class='ocrx_word' id='word_1_20' title='bbox 361 547 425 605; x_wconf 87' lang='lat' dir='ltr'><strong>eine</strong></span> <span class='ocrx_word' id='word_1_21' title='bbox 448 545 540 603; x_wconf 91' lang='lat' dir='ltr'><strong>dubio</strong></span> <span class='ocrx_word' id='word_1_22' title='bbox 565 542 711 621; x_wconf 77' lang='lat' dir='ltr'>Georgius</span> <span class='ocrx_word' id='word_1_23' title='bbox 738 544 916 603; x_wconf 71' lang='lat' dir='ltr'><strong>festinanter</strong></span> <span class='ocrx_word' id='word_1_24' title='bbox 942 544 1043 622; x_wconf 88' lang='lat' dir='ltr'><strong>legens</strong></span> <span class='ocrx_word' id='word_1_25' title='bbox 1066 561 1189 620; x_wconf 85' lang='lat' dir='ltr'><strong>perver-</strong></span> <span class='ocrx_word' id='word_1_26' title='bbox 1303 611 1304 614; x_wconf 8' lang='grc' dir='ltr'><strong><em>χ</em></strong></span> 
     </span>
    </p>
   </div>
   <div class='ocr_carea' id='block_1_4' title="bbox 164 629 1190 1157">
    <p class='ocr_par' dir='ltr' id='par_1_4' title="bbox 164 629 1190 1157">
     <span class='ocr_line' id='line_1_5' title="bbox 165 629 1190 710; baseline -0.001 -17"><span class='ocrx_word' id='word_1_27' title='bbox 165 636 281 695; x_wconf 83' lang='lat' dir='ltr'><strong>sissimo</strong></span> <span class='ocrx_word' id='word_1_28' title='bbox 303 636 335 692; x_wconf 91' lang='lat' dir='ltr'><strong>in</strong></span> <span class='ocrx_word' id='word_1_29' title='bbox 358 632 463 705; x_wconf 83' lang='grc' dir='ltr'><strong><em>σκότος</em></strong></span> <span class='ocrx_word' id='word_1_30' title='bbox 485 634 623 693; x_wconf 81' lang='lat' dir='ltr'><strong>mutavit.</strong></span> <span class='ocrx_word' id='word_1_31' title='bbox 662 632 749 704; x_wconf 79' lang='lat' dir='ltr'><strong>Quod</strong></span> <span class='ocrx_word' id='word_1_32' title='bbox 770 634 803 690; x_wconf 94' lang='lat' dir='ltr'><strong>in</strong></span> <span class='ocrx_word' id='word_1_33' title='bbox 827 633 856 692; x_wconf 88' lang='lat' dir='ltr'><strong><em>V</em></strong></span> <span class='ocrx_word' id='word_1_34' title='bbox 875 633 986 710; x_wconf 85' lang='lat' dir='ltr'><strong>legitur</strong></span> <span class='ocrx_word' id='word_1_35' title='bbox 1008 629 1058 692; x_wconf 85' lang='grc' dir='ltr'><strong>καλ</strong></span> <span class='ocrx_word' id='word_1_36' title='bbox 1081 630 1190 705; x_wconf 80' lang='grc' dir='ltr'><strong><em>σκότος</em></strong></span> 
     </span>
     <span class='ocr_line' id='line_1_6' title="bbox 165 720 1190 802; baseline -0.002 -19"><span class='ocrx_word' id='word_1_37' title='bbox 165 723 232 802; x_wconf 80' lang='grc' dir='ltr'><strong><em>δίχα</em></strong></span> <span class='ocrx_word' id='word_1_38' title='bbox 254 730 307 801; x_wconf 85' lang='grc' dir='ltr'><strong>τῆς</strong></span> <span class='ocrx_word' id='word_1_39' title='bbox 329 720 444 783; x_wconf 79' lang='grc' dir='ltr'><strong><em>ἐκείνου</em></strong></span> <span class='ocrx_word' id='word_1_40' title='bbox 467 721 671 801; x_wconf 84' lang='grc' dir='ltr'><strong><em>κοκλοφορίας</em></strong></span> <span class='ocrx_word' id='word_1_41' title='bbox 693 722 788 782; x_wconf 81' lang='lat' dir='ltr'><strong>lector</strong></span> <span class='ocrx_word' id='word_1_42' title='bbox 810 721 933 797; x_wconf 87' lang='lat' dir='ltr'><strong>quidam</strong></span> <span class='ocrx_word' id='word_1_43' title='bbox 956 722 1089 781; x_wconf 86' lang='lat' dir='ltr'><strong>eruditus</strong></span> <span class='ocrx_word' id='word_1_44' title='bbox 1117 723 1190 782; x_wconf 88' lang='lat' dir='ltr'><strong>sub-</strong></span> 
     </span>
     <span class='ocr_line' id='line_1_7' title="bbox 165 812 1188 889; baseline -0.001 -17"><span class='ocrx_word' id='word_1_45' title='bbox 165 813 275 888; x_wconf 76' lang='lat' dir='ltr'><strong>stituit,</strong></span> <span class='ocrx_word' id='word_1_46' title='bbox 302 813 368 887; x_wconf 79' lang='lat' dir='ltr'><strong>qui‚</strong></span> <span class='ocrx_word' id='word_1_47' title='bbox 396 815 430 871; x_wconf 93' lang='lat' dir='ltr'><strong>ut</strong></span> <span class='ocrx_word' id='word_1_48' title='bbox 452 830 544 889; x_wconf 90' lang='lat' dir='ltr'><strong>supra</strong></span> <span class='ocrx_word' id='word_1_49' title='bbox 570 813 632 870; x_wconf 88' lang='lat' dir='ltr'><strong>iam</strong></span> <span class='ocrx_word' id='word_1_50' title='bbox 655 812 791 888; x_wconf 80' lang='lat' dir='ltr'>exposui,</span> <span class='ocrx_word' id='word_1_51' title='bbox 819 812 915 870; x_wconf 85' lang='lat' dir='ltr'><strong>multe</strong></span> <span class='ocrx_word' id='word_1_52' title='bbox 938 812 1079 885; x_wconf 80' lang='lat' dir='ltr'><strong>correxit,</strong></span> <span class='ocrx_word' id='word_1_53' title='bbox 1107 831 1188 887; x_wconf 90' lang='lat' dir='ltr'><strong>quae</strong></span> 
     </span>
     <span class='ocr_line' id='line_1_8' title="bbox 165 900 1188 979; baseline 0 -18"><span class='ocrx_word' id='word_1_54' title='bbox 165 904 193 961; x_wconf 90' lang='lat' dir='ltr'><strong>ei</strong></span> <span class='ocrx_word' id='word_1_55' title='bbox 220 904 324 961; x_wconf 84' lang='lat' dir='ltr'><strong>eontra</strong></span> <span class='ocrx_word' id='word_1_56' title='bbox 351 902 431 979; x_wconf 85' lang='lat' dir='ltr'><strong>leges</strong></span> <span class='ocrx_word' id='word_1_57' title='bbox 460 900 671 979; x_wconf 79' lang='lat' dir='ltr'><strong>grammaticas</strong></span> <span class='ocrx_word' id='word_1_58' title='bbox 700 901 750 959; x_wconf 84' lang='lat' dir='ltr'><strong>vel</strong></span> <span class='ocrx_word' id='word_1_59' title='bbox 776 900 889 977; x_wconf 83' lang='lat' dir='ltr'><strong>logicas</strong></span> <span class='ocrx_word' id='word_1_60' title='bbox 916 900 1095 959; x_wconf 86' lang='lat' dir='ltr'><strong>videbantur</strong></span> <span class='ocrx_word' id='word_1_61' title='bbox 1122 920 1188 961; x_wconf 90' lang='lat' dir='ltr'><strong>esse</strong></span> 
     </span>
     <span class='ocr_line' id='line_1_9' title="bbox 164 988 1188 1069; baseline -0.001 -18"><span class='ocrx_word' id='word_1_62' title='bbox 164 994 296 1068; x_wconf 83' lang='lat' dir='ltr'><strong>peecata.</strong></span> <span class='ocrx_word' id='word_1_63' title='bbox 341 991 448 1066; x_wconf 84' lang='lat' dir='ltr'>Neque</span> <span class='ocrx_word' id='word_1_64' title='bbox 475 990 571 1069; x_wconf 89' lang='lat' dir='ltr'><strong>magis</strong></span> <span class='ocrx_word' id='word_1_65' title='bbox 600 989 737 1049; x_wconf 85' lang='lat' dir='ltr'><strong>dubitavi</strong></span> <span class='ocrx_word' id='word_1_66' title='bbox 763 1009 783 1065; x_wconf 93' lang='lat' dir='ltr'>p</span> <span class='ocrx_word' id='word_1_67' title='bbox 817 991 872 1063; x_wconf 83' lang='lat'><strong>58,</strong></span> <span class='ocrx_word' id='word_1_68' title='bbox 894 993 932 1048; x_wconf 93' lang='lat'><strong>11</strong></span> <span class='ocrx_word' id='word_1_69' title='bbox 963 988 1024 1066; x_wconf 86' lang='grc' dir='ltr'><strong><em>ἀμα</em></strong></span> <span class='ocrx_word' id='word_1_70' title='bbox 1050 988 1188 1050; x_wconf 75' lang='grc' dir='ltr'><strong><em>πλάττειν</em></strong></span> 
     </span>
     <span class='ocr_line' id='line_1_10' title="bbox 164 1078 1189 1157; baseline -0.001 -18"><span class='ocrx_word' id='word_1_71' title='bbox 164 1082 306 1155; x_wconf 81' lang='lat' dir='ltr'><strong>retinere,</strong></span> <span class='ocrx_word' id='word_1_72' title='bbox 338 1099 522 1157; x_wconf 89' lang='lat' dir='ltr'><strong>quamquam</strong></span> <span class='ocrx_word' id='word_1_73' title='bbox 552 1080 623 1139; x_wconf 89' lang='lat' dir='ltr'><strong>libri</strong></span> <span class='ocrx_word' id='word_1_74' title='bbox 654 1080 813 1138; x_wconf 80' lang='lat' dir='ltr'><strong>retractati</strong></span> <span class='ocrx_word' id='word_1_75' title='bbox 844 1078 874 1137; x_wconf 92' lang='lat' dir='ltr'><em>B</em></span> <span class='ocrx_word' id='word_1_76' title='bbox 907 1082 939 1137; x_wconf 83' lang='lat' dir='ltr'><strong>et</strong></span> <span class='ocrx_word' id='word_1_77' title='bbox 971 1080 998 1136; x_wconf 88' lang='lat' dir='ltr'><em>V</em></span> <span class='ocrx_word' id='word_1_78' title='bbox 1024 1079 1189 1138; x_wconf 79' lang='lat' dir='ltr'><strong>Athanasii</strong></span> 
     </span>
    </p>
   </div>
   <div class='ocr_carea' id='block_1_5' title="bbox 164 1166 1306 1245">
    <p class='ocr_par' dir='ltr' id='par_1_5' title="bbox 164 1166 1306 1245">
     <span class='ocr_line' id='line_1_11' title="bbox 164 1166 1306 1245; baseline -0.001 -17"><span class='ocrx_word' id='word_1_79' title='bbox 164 1166 359 1229; x_wconf 75' lang='grc' dir='ltr'><strong><em>ἀναπλάττειν</em></strong></span> <span class='ocrx_word' id='word_1_80' title='bbox 389 1170 604 1244; x_wconf 84' lang='lat' dir='ltr'><strong>restituerunt,</strong></span> <span class='ocrx_word' id='word_1_81' title='bbox 637 1168 717 1244; x_wconf 90' lang='lat' dir='ltr'><strong>quod</strong></span> <span class='ocrx_word' id='word_1_82' title='bbox 750 1169 920 1228; x_wconf 83' lang='lat' dir='ltr'><strong>oonieotura</strong></span> <span class='ocrx_word' id='word_1_83' title='bbox 952 1168 1071 1245; x_wconf 77' lang='lat' dir='ltr'><strong>assequi</strong></span> <span class='ocrx_word' id='word_1_84' title='bbox 1098 1169 1188 1228; x_wconf 81' lang='lat' dir='ltr'><strong>facile</strong></span> <span class='ocrx_word' id='word_1_85' title='bbox 1305 1173 1306 1182; x_wconf 76' lang='grc'>’</span> 
     </span>
    </p>
   </div>
   <div class='ocr_carea' id='block_1_6' title="bbox 164 1258 1188 1425">
    <p class='ocr_par' dir='ltr' id='par_1_6' title="bbox 164 1258 1188 1425">
     <span class='ocr_line' id='line_1_12' title="bbox 164 1258 1188 1336; baseline -0.003 -17"><span class='ocrx_word' id='word_1_86' title='bbox 164 1263 318 1336; x_wconf 87' lang='lat' dir='ltr'><strong>poterant,</strong></span> <span class='ocrx_word' id='word_1_87' title='bbox 354 1260 530 1335; x_wconf 86' lang='lat' dir='ltr'><strong>praesertim</strong></span> <span class='ocrx_word' id='word_1_88' title='bbox 564 1276 630 1316; x_wconf 88' lang='lat' dir='ltr'><strong>oum</strong></span> <span class='ocrx_word' id='word_1_89' title='bbox 664 1258 766 1334; x_wconf 90' lang='lat' dir='ltr'><strong>paullo</strong></span> <span class='ocrx_word' id='word_1_90' title='bbox 796 1260 865 1334; x_wconf 89' lang='lat' dir='ltr'><strong>post</strong></span> <span class='ocrx_word' id='word_1_91' title='bbox 894 1278 923 1334; x_wconf 90' lang='lat' dir='ltr'><strong>p.</strong></span> <span class='ocrx_word' id='word_1_92' title='bbox 951 1258 1006 1333; x_wconf 82' lang='lat'><strong>59,</strong></span> <span class='ocrx_word' id='word_1_93' title='bbox 1033 1261 1049 1317; x_wconf 96' lang='lat'>1</span> <span class='ocrx_word' id='word_1_94' title='bbox 1083 1276 1188 1318; x_wconf 90' lang='lat' dir='ltr'><strong>rursus</strong></span> 
     </span>
     <span class='ocr_line' id='line_1_13' title="bbox 164 1346 1188 1425; baseline -0.002 -17"><span class='ocrx_word' id='word_1_95' title='bbox 164 1346 367 1408; x_wconf 85' lang='grc' dir='ltr'><strong><em>ἀνεπλάσαντο</em></strong></span> <span class='ocrx_word' id='word_1_96' title='bbox 388 1349 516 1425; x_wconf 87' lang='lat' dir='ltr'><strong>legatur.</strong></span> <span class='ocrx_word' id='word_1_97' title='bbox 554 1346 586 1405; x_wconf 91' lang='lat' dir='ltr'><strong>P.</strong></span> <span class='ocrx_word' id='word_1_98' title='bbox 608 1348 682 1420; x_wconf 82' lang='lat'><strong>228,</strong></span> <span class='ocrx_word' id='word_1_99' title='bbox 698 1348 739 1406; x_wconf 84' lang='lat'><strong>23</strong></span> <span class='ocrx_word' id='word_1_100' title='bbox 758 1348 858 1407; x_wconf 86' lang='lat' dir='ltr'><strong>looum</strong></span> <span class='ocrx_word' id='word_1_101' title='bbox 875 1366 911 1405; x_wconf 86' lang='lat' dir='ltr'><strong>ex</strong></span> <span class='ocrx_word' id='word_1_102' title='bbox 929 1346 1075 1423; x_wconf 85' lang='lat' dir='ltr'><strong>Dionysio</strong></span> <span class='ocrx_word' id='word_1_103' title='bbox 1093 1347 1188 1407; x_wconf 89' lang='lat' dir='ltr'><strong>Areo-</strong></span> 
     </span>
    </p>
   </div>
   <div class='ocr_carea' id='block_1_7' title="bbox 165 1435 1307 1515">
    <p class='ocr_par' dir='ltr' id='par_1_7' title="bbox 165 1435 1307 1515">
     <span class='ocr_line' id='line_1_14' title="bbox 165 1435 1307 1515; baseline -0.023 1"><span class='ocrx_word' id='word_1_104' title='bbox 165 1439 271 1515; x_wconf 58' lang='lat' dir='ltr'><strong>Pssgiiss</strong></span> <span class='ocrx_word' id='word_1_105' title='bbox 294 1440 474 1513; x_wconf 71' lang='lat' dir='ltr'><strong>01⁰0rptum,</strong></span> <span class='ocrx_word' id='word_1_106' title='bbox 498 1456 556 1512; x_wconf 92' lang='lat' dir='ltr'><strong>quo</strong></span> <span class='ocrx_word' id='word_1_107' title='bbox 579 1436 615 1494; x_wconf 92' lang='lat' dir='ltr'><strong>de</strong></span> <span class='ocrx_word' id='word_1_108' title='bbox 633 1435 731 1495; x_wconf 85' lang='lat' dir='ltr'><strong>tribus</strong></span> <span class='ocrx_word' id='word_1_109' title='bbox 750 1436 926 1513; x_wconf 87' lang='lat' dir='ltr'><strong>angelorum</strong></span> <span class='ocrx_word' id='word_1_110' title='bbox 945 1435 1099 1496; x_wconf 82' lang='lat' dir='ltr'><strong>ordinibus</strong></span> <span class='ocrx_word' id='word_1_111' title='bbox 1122 1439 1188 1514; x_wconf 82' lang='lat' dir='ltr'><strong>agi·</strong></span> <span class='ocrx_word' id='word_1_112' title='bbox 1306 1477 1307 1482; x_wconf 18' lang='grc' dir='ltr'><strong><em>τ</em></strong></span> 
     </span>
    </p>
   </div>
   <div class='ocr_carea' id='block_1_8' title="bbox 165 1515 1189 1604">
    <p class='ocr_par' dir='ltr' id='par_1_8' title="bbox 165 1515 1189 1604">
     <span class='ocr_line' id='line_1_15' title="bbox 165 1515 1189 1604; baseline 0 -19"><span class='ocrx_word' id='word_1_113' title='bbox 165 1529 229 1585; x_wconf 90' lang='lat' dir='ltr'><strong>tur:</strong></span> <span class='ocrx_word' id='word_1_114' title='bbox 261 1524 311 1585; x_wconf 83' lang='grc' dir='ltr'><strong><em>καὶ</em></strong></span> <span class='ocrx_word' id='word_1_115' title='bbox 334 1525 455 1604; x_wconf 87' lang='grc' dir='ltr'><strong><em>πρώτην</em></strong></span> <span class='ocrx_word' id='word_1_116' title='bbox 479 1520 532 1603; x_wconf 77' lang='grc' dir='ltr'><strong>μὲν</strong></span> <span class='ocrx_word' id='word_1_117' title='bbox 555 1517 634 1584; x_wconf 82' lang='grc' dir='ltr'><strong><em>εἶναί</em></strong></span> <span class='ocrx_word' id='word_1_118' title='bbox 655 1541 732 1602; x_wconf 82' lang='grc' dir='ltr'><strong><em>φησι</em></strong></span> <span class='ocrx_word' id='word_1_119' title='bbox 754 1524 809 1603; x_wconf 81' lang='grc' dir='ltr'><strong>τῆν</strong></span> <span class='ocrx_word' id='word_1_120' title='bbox 831 1522 899 1604; x_wconf 82' lang='grc' dir='ltr'><strong><em>περὶ</em></strong></span> <span class='ocrx_word' id='word_1_121' title='bbox 925 1524 1001 1585; x_wconf 82' lang='grc' dir='ltr'><strong><em>θεὸν</em></strong></span> <span class='ocrx_word' id='word_1_122' title='bbox 1024 1515 1118 1585; x_wconf 80' lang='grc' dir='ltr'><strong><em>οὖσαν</em></strong></span> <span class='ocrx_word' id='word_1_123' title='bbox 1141 1522 1189 1585; x_wconf 79' lang='grc' dir='ltr'><strong>ἀεὶ</strong></span> 
     </span>
    </p>
   </div>
   <div class='ocr_carea' id='block_1_9' title="bbox 165 1610 1308 1783">
    <p class='ocr_par' dir='ltr' id='par_1_9' title="bbox 165 1610 1308 1783">
     <span class='ocr_line' id='line_1_16' title="bbox 165 1610 1308 1697; baseline -0.001 -24"><span class='ocrx_word' id='word_1_124' title='bbox 165 1611 215 1674; x_wconf 82' lang='grc' dir='ltr'><strong>καλ</strong></span> <span class='ocrx_word' id='word_1_125' title='bbox 243 1623 391 1694; x_wconf 83' lang='grc' dir='ltr'><strong><em>προσεχῶς</em></strong></span> <span class='ocrx_word' id='word_1_126' title='bbox 418 1611 498 1697; x_wconf 77' lang='grc' dir='ltr'><strong><em>αὐτῷ</em></strong></span> <span class='ocrx_word' id='word_1_127' title='bbox 527 1611 577 1673; x_wconf 81' lang='grc' dir='ltr'><strong><em>καὶ</em></strong></span> <span class='ocrx_word' id='word_1_128' title='bbox 604 1612 662 1691; x_wconf 89' lang='grc' dir='ltr'><strong><em>πρὸ</em></strong></span> <span class='ocrx_word' id='word_1_129' title='bbox 690 1621 749 1673; x_wconf 80' lang='grc' dir='ltr'><strong>τῶν</strong></span> <span class='ocrx_word' id='word_1_130' title='bbox 777 1610 873 1674; x_wconf 84' lang='grc' dir='ltr'><strong><em>ἀλλων</em></strong></span> <span class='ocrx_word' id='word_1_131' title='bbox 899 1611 1017 1691; x_wconf 81' lang='grc' dir='ltr'><strong><em>ἀμέσως</em></strong></span> <span class='ocrx_word' id='word_1_132' title='bbox 1048 1610 1189 1691; x_wconf 78' lang='grc' dir='ltr'><strong><em>ἡνῶσθαι</em></strong></span> <span class='ocrx_word' id='word_1_133' title='bbox 1307 1627 1308 1664; x_wconf 61' lang='grc' dir='ltr'><strong><em>λ</em></strong></span> 
     </span>
     <span class='ocr_line' id='line_1_17' title="bbox 165 1700 1308 1783; baseline 0 -20"><span class='ocrx_word' id='word_1_134' title='bbox 165 1700 410 1783; x_wconf 73' lang='grc' dir='ltr'><strong><em>παραδεδομένην</em></strong></span> <span class='ocrx_word' id='word_1_135' title='bbox 437 1704 660 1780; x_wconf 85' lang='lat' dir='ltr'><strong>perversissime</strong></span> <span class='ocrx_word' id='word_1_136' title='bbox 687 1705 731 1762; x_wconf 86' lang='lat' dir='ltr'><strong>sio</strong></span> <span class='ocrx_word' id='word_1_137' title='bbox 757 1703 870 1762; x_wconf 84' lang='lat' dir='ltr'><strong>reddit:</strong></span> <span class='ocrx_word' id='word_1_138' title='bbox 902 1701 952 1762; x_wconf 84' lang='grc' dir='ltr'><strong>καλ</strong></span> <span class='ocrx_word' id='word_1_139' title='bbox 981 1702 1102 1782; x_wconf 87' lang='grc' dir='ltr'><strong><em>πρώτην</em></strong></span> <span class='ocrx_word' id='word_1_140' title='bbox 1133 1700 1188 1781; x_wconf 71' lang='grc' dir='ltr'><strong>μὲν</strong></span> <span class='ocrx_word' id='word_1_141' title='bbox 1307 1715 1308 1718; x_wconf 76' lang='grc'>’</span> 
     </span>
    </p>
   </div>
   <div class='ocr_carea' id='block_1_10' title="bbox 165 1786 1190 3392">
    <p class='ocr_par' dir='ltr' id='par_1_10' title="bbox 165 1786 1189 2832">
     <span class='ocr_line' id='line_1_18' title="bbox 165 1786 1187 1877; baseline 0 -25"><span class='ocrx_word' id='word_1_142' title='bbox 165 1786 245 1853; x_wconf 79' lang='grc' dir='ltr'><strong><em>εἶναί</em></strong></span> <span class='ocrx_word' id='word_1_143' title='bbox 265 1809 342 1870; x_wconf 82' lang='grc' dir='ltr'><strong><em>φησι</em></strong></span> <span class='ocrx_word' id='word_1_144' title='bbox 368 1792 423 1871; x_wconf 83' lang='grc' dir='ltr'><strong>τὴν</strong></span> <span class='ocrx_word' id='word_1_145' title='bbox 450 1789 518 1871; x_wconf 83' lang='grc' dir='ltr'><strong><em>περὶ</em></strong></span> <span class='ocrx_word' id='word_1_146' title='bbox 544 1796 621 1851; x_wconf 81' lang='grc' dir='ltr'><strong><em>θεοῦ</em></strong></span> <span class='ocrx_word' id='word_1_147' title='bbox 649 1789 756 1851; x_wconf 86' lang='grc' dir='ltr'><strong><em>οὐσίαν</em></strong></span> <span class='ocrx_word' id='word_1_148' title='bbox 782 1788 829 1852; x_wconf 85' lang='grc' dir='ltr'><strong><em>ἀελ</em></strong></span> <span class='ocrx_word' id='word_1_149' title='bbox 855 1789 906 1852; x_wconf 83' lang='grc' dir='ltr'><strong>καλ</strong></span> <span class='ocrx_word' id='word_1_150' title='bbox 932 1801 1080 1871; x_wconf 80' lang='grc' dir='ltr'><strong><em>προσεχῶς</em></strong></span> <span class='ocrx_word' id='word_1_151' title='bbox 1110 1789 1187 1877; x_wconf 79' lang='grc' dir='ltr'><strong><em>αὐτῆ</em></strong></span> 
     </span>
     <span class='ocr_line' id='line_1_19' title="bbox 165 1880 1188 1959; baseline 0 -18"><span class='ocrx_word' id='word_1_152' title='bbox 165 1904 193 1941; x_wconf 90' lang='grc' dir='ltr'><strong>κ.</strong></span> <span class='ocrx_word' id='word_1_153' title='bbox 211 1904 234 1941; x_wconf 91' lang='grc' dir='ltr'><strong>τ.</strong></span> <span class='ocrx_word' id='word_1_154' title='bbox 255 1885 279 1941; x_wconf 94' lang='grc' dir='ltr'><strong><em>λ.</em></strong></span> <span class='ocrx_word' id='word_1_155' title='bbox 324 1882 407 1941; x_wconf 88' lang='lat' dir='ltr'><strong>Haeo</strong></span> <span class='ocrx_word' id='word_1_156' title='bbox 434 1883 467 1940; x_wconf 89' lang='lat' dir='ltr'><strong>in</strong></span> <span class='ocrx_word' id='word_1_157' title='bbox 498 1880 634 1941; x_wconf 90' lang='lat' dir='ltr'><strong>omnibus</strong></span> <span class='ocrx_word' id='word_1_158' title='bbox 662 1881 747 1940; x_wconf 89' lang='lat' dir='ltr'><strong>libris</strong></span> <span class='ocrx_word' id='word_1_159' title='bbox 775 1882 931 1959; x_wconf 84' lang='lat' dir='ltr'><strong>leguntur,</strong></span> <span class='ocrx_word' id='word_1_160' title='bbox 959 1884 1019 1943; x_wconf 86' lang='lat' dir='ltr'><strong>nisi</strong></span> <span class='ocrx_word' id='word_1_161' title='bbox 1047 1882 1129 1959; x_wconf 92' lang='lat' dir='ltr'><strong>quod</strong></span> <span class='ocrx_word' id='word_1_162' title='bbox 1155 1883 1188 1941; x_wconf 93' lang='lat' dir='ltr'><strong>in</strong></span> 
     </span>
     <span class='ocr_line' id='line_1_20' title="bbox 165 1967 1189 2051; baseline 0.001 -21"><span class='ocrx_word' id='word_1_163' title='bbox 165 1971 196 2030; x_wconf 91' lang='lat' dir='ltr'><em>B</em></span> <span class='ocrx_word' id='word_1_164' title='bbox 219 1975 251 2030; x_wconf 85' lang='lat' dir='ltr'><strong>et</strong></span> <span class='ocrx_word' id='word_1_165' title='bbox 274 1972 303 2031; x_wconf 89' lang='lat' dir='ltr'><strong><em>V</em></strong></span> <span class='ocrx_word' id='word_1_166' title='bbox 321 1989 424 2031; x_wconf 88' lang='lat' dir='ltr'><strong>rursus</strong></span> <span class='ocrx_word' id='word_1_167' title='bbox 447 1967 514 2051; x_wconf 80' lang='grc' dir='ltr'><strong><em>περὶ</em></strong></span> <span class='ocrx_word' id='word_1_168' title='bbox 536 1968 610 2031; x_wconf 85' lang='grc' dir='ltr'><strong><em>θεὸν</em></strong></span> <span class='ocrx_word' id='word_1_169' title='bbox 634 1973 801 2030; x_wconf 88' lang='lat' dir='ltr'><strong>eorreotum</strong></span> <span class='ocrx_word' id='word_1_170' title='bbox 824 1974 877 2030; x_wconf 89' lang='lat' dir='ltr'><strong>est</strong></span> <span class='ocrx_word' id='word_1_171' title='bbox 923 1970 957 2029; x_wconf 91' lang='lat' dir='ltr'><strong>P.</strong></span> <span class='ocrx_word' id='word_1_172' title='bbox 976 1972 1051 2046; x_wconf 86' lang='grc'><strong><em>306,</em></strong></span> <span class='ocrx_word' id='word_1_173' title='bbox 1070 1973 1089 2031; x_wconf 86' lang='grc'><strong>3</strong></span> <span class='ocrx_word' id='word_1_174' title='bbox 1113 1972 1189 2049; x_wconf 89' lang='lat' dir='ltr'><strong>legi·</strong></span> 
     </span>
     <span class='ocr_line' id='line_1_21' title="bbox 165 2051 1187 2140; baseline 0.001 -21"><span class='ocrx_word' id='word_1_175' title='bbox 165 2080 246 2121; x_wconf 84' lang='lat' dir='ltr'><strong>mus:</strong></span> <span class='ocrx_word' id='word_1_176' title='bbox 273 2051 419 2121; x_wconf 81' lang='grc' dir='ltr'><strong><em>ἐπελοάν</em></strong></span> <span class='ocrx_word' id='word_1_177' title='bbox 441 2058 511 2138; x_wconf 80' lang='grc' dir='ltr'><strong><em>μετὰ</em></strong></span> <span class='ocrx_word' id='word_1_178' title='bbox 538 2058 571 2119; x_wconf 81' lang='grc' dir='ltr'><strong>τὸ</strong></span> <span class='ocrx_word' id='word_1_179' title='bbox 599 2058 796 2137; x_wconf 85' lang='grc' dir='ltr'><strong><em>οἰκοδομῆσαι</em></strong></span> <span class='ocrx_word' id='word_1_180' title='bbox 820 2051 1011 2140; x_wconf 74' lang='grc' dir='ltr'><strong><em>Ἰερουσαλὴμ</em></strong></span> <span class='ocrx_word' id='word_1_181' title='bbox 1038 2054 1112 2140; x_wconf 75' lang='grc' dir='ltr'><strong><em>σπη’</em></strong></span> <span class='ocrx_word' id='word_1_182' title='bbox 1135 2060 1187 2138; x_wconf 80' lang='grc' dir='ltr'><strong>ἐτη</strong></span> 
     </span>
     <span class='ocr_line' id='line_1_22' title="bbox 165 2146 1189 2229; baseline 0.001 -20"><span class='ocrx_word' id='word_1_183' title='bbox 165 2149 309 2229; x_wconf 79' lang='grc' dir='ltr'><strong><em>διῆλθον,</em></strong></span> <span class='ocrx_word' id='word_1_184' title='bbox 336 2147 387 2209; x_wconf 81' lang='grc' dir='ltr'><strong>καλ</strong></span> <span class='ocrx_word' id='word_1_185' title='bbox 414 2157 473 2209; x_wconf 84' lang='grc' dir='ltr'><strong>τῶν</strong></span> <span class='ocrx_word' id='word_1_186' title='bbox 500 2146 650 2229; x_wconf 79' lang='grc' dir='ltr'><strong><em>ἀρχόντων</em></strong></span> <span class='ocrx_word' id='word_1_187' title='bbox 677 2147 872 2209; x_wconf 74' lang='grc' dir='ltr'><strong><em>ἐκλειπόντων</em></strong></span> <span class='ocrx_word' id='word_1_188' title='bbox 897 2148 1010 2228; x_wconf 79' lang='grc' dir='ltr'><strong><em>ἔρχεταί</em></strong></span> <span class='ocrx_word' id='word_1_189' title='bbox 1034 2172 1079 2221; x_wconf 82' lang='grc' dir='ltr'><strong><em>τις</em></strong></span> <span class='ocrx_word' id='word_1_190' title='bbox 1101 2146 1189 2211; x_wconf 87' lang='grc' dir='ltr'><strong><em>ἀλλό-</em></strong></span> 
     </span>
     <span class='ocr_line' id='line_1_23' title="bbox 165 2236 1189 2317; baseline -0.001 -18"><span class='ocrx_word' id='word_1_191' title='bbox 165 2243 262 2317; x_wconf 81' lang='grc' dir='ltr'><strong><em>φυλος</em></strong></span> <span class='ocrx_word' id='word_1_192' title='bbox 284 2236 430 2317; x_wconf 84' lang='grc' dir='ltr'><strong><em>βασιλεύς.</em></strong></span> <span class='ocrx_word' id='word_1_193' title='bbox 473 2238 603 2315; x_wconf 82' lang='lat' dir='ltr'><strong>Oyrillus</strong></span> <span class='ocrx_word' id='word_1_194' title='bbox 626 2238 742 2297; x_wconf 86' lang='lat' dir='ltr'><strong>Hieros.</strong></span> <span class='ocrx_word' id='word_1_195' title='bbox 763 2236 881 2297; x_wconf 84' lang='lat' dir='ltr'><strong>Gateoh.</strong></span> <span class='ocrx_word' id='word_1_196' title='bbox 900 2239 972 2313; x_wconf 84' lang='lat' dir='ltr'>XII,</span> <span class='ocrx_word' id='word_1_197' title='bbox 989 2240 1029 2297; x_wconf 89' lang='grc'><strong>19</strong></span> <span class='ocrx_word' id='word_1_198' title='bbox 1054 2241 1189 2316; x_wconf 82' lang='lat' dir='ltr'><strong>scripsit:</strong></span> 
     </span>
     <span class='ocr_line' id='line_1_24' title="bbox 165 2319 1189 2407; baseline 0 -20"><span class='ocrx_word' id='word_1_199' title='bbox 165 2322 247 2389; x_wconf 83' lang='grc' dir='ltr'><strong><em>εἶπεν</em></strong></span> <span class='ocrx_word' id='word_1_200' title='bbox 271 2319 326 2389; x_wconf 81' lang='grc' dir='ltr'><strong>οὖν</strong></span> <span class='ocrx_word' id='word_1_201' title='bbox 350 2328 395 2388; x_wconf 84' lang='grc' dir='ltr'><strong><em>ότι</em></strong></span> <span class='ocrx_word' id='word_1_202' title='bbox 420 2325 491 2406; x_wconf 80' lang='grc' dir='ltr'><strong><em>μετὰ</em></strong></span> <span class='ocrx_word' id='word_1_203' title='bbox 517 2326 549 2389; x_wconf 88' lang='grc' dir='ltr'><strong>τὸ</strong></span> <span class='ocrx_word' id='word_1_204' title='bbox 574 2326 815 2405; x_wconf 72' lang='grc' dir='ltr'><strong><em>οἰκοδομηθῆναι</em></strong></span> <span class='ocrx_word' id='word_1_205' title='bbox 833 2321 897 2406; x_wconf 83' lang='grc' dir='ltr'><strong><em>Ἱερ.</em></strong></span> <span class='ocrx_word' id='word_1_206' title='bbox 916 2323 990 2407; x_wconf 75' lang='grc' dir='ltr'><strong><em>οπχ’</em></strong></span> <span class='ocrx_word' id='word_1_207' title='bbox 1013 2325 1087 2388; x_wconf 83' lang='grc' dir='ltr'><strong><em>ἐτῶν</em></strong></span> <span class='ocrx_word' id='word_1_208' title='bbox 1111 2327 1189 2387; x_wconf 89' lang='grc' dir='ltr'><strong><em>διελ-</em></strong></span> 
     </span>
     <span class='ocr_line' id='line_1_25' title="bbox 165 2414 1188 2496; baseline 0.002 -21"><span class='ocrx_word' id='word_1_209' title='bbox 165 2416 286 2478; x_wconf 88' lang='grc' dir='ltr'><strong><em>θόντων</em></strong></span> <span class='ocrx_word' id='word_1_210' title='bbox 313 2414 363 2476; x_wconf 82' lang='grc' dir='ltr'><strong>καλ</strong></span> <span class='ocrx_word' id='word_1_211' title='bbox 386 2425 445 2477; x_wconf 82' lang='grc' dir='ltr'><strong>τῶν</strong></span> <span class='ocrx_word' id='word_1_212' title='bbox 473 2415 623 2495; x_wconf 82' lang='grc' dir='ltr'><strong><em>ἀρχόντων</em></strong></span> <span class='ocrx_word' id='word_1_213' title='bbox 651 2414 831 2476; x_wconf 77' lang='grc' dir='ltr'><strong><em>ἐκλιπόντων</em></strong></span> <span class='ocrx_word' id='word_1_214' title='bbox 856 2416 918 2478; x_wconf 88' lang='grc' dir='ltr'><strong><em>τότε</em></strong></span> <span class='ocrx_word' id='word_1_215' title='bbox 940 2415 1051 2496; x_wconf 76' lang='grc' dir='ltr'><strong><em>ἔρχεται</em></strong></span> <span class='ocrx_word' id='word_1_216' title='bbox 1074 2438 1100 2476; x_wconf 93' lang='grc' dir='ltr'><strong>κ.</strong></span> <span class='ocrx_word' id='word_1_217' title='bbox 1119 2440 1143 2476; x_wconf 88' lang='grc' dir='ltr'><strong>τ.</strong></span> <span class='ocrx_word' id='word_1_218' title='bbox 1162 2420 1188 2477; x_wconf 92' lang='grc' dir='ltr'><strong>λ.</strong></span> 
     </span>
     <span class='ocr_line' id='line_1_26' title="bbox 165 2505 1189 2581; baseline 0.001 -17"><span class='ocrx_word' id='word_1_219' title='bbox 165 2506 268 2581; x_wconf 88' lang='lat' dir='ltr'><strong>Neque</strong></span> <span class='ocrx_word' id='word_1_220' title='bbox 301 2506 397 2564; x_wconf 88' lang='lat' dir='ltr'><strong>solum</strong></span> <span class='ocrx_word' id='word_1_221' title='bbox 434 2506 571 2565; x_wconf 89' lang='lat' dir='ltr'><strong>omnibus</strong></span> <span class='ocrx_word' id='word_1_222' title='bbox 608 2524 682 2581; x_wconf 89' lang='lat' dir='ltr'><strong>quos</strong></span> <span class='ocrx_word' id='word_1_223' title='bbox 718 2505 806 2564; x_wconf 93' lang='lat' dir='ltr'><strong>modo</strong></span> <span class='ocrx_word' id='word_1_224' title='bbox 847 2506 970 2565; x_wconf 88' lang='lat' dir='ltr'><strong>laudavi</strong></span> <span class='ocrx_word' id='word_1_225' title='bbox 1007 2506 1093 2581; x_wconf 85' lang='lat' dir='ltr'><strong>loeis,</strong></span> <span class='ocrx_word' id='word_1_226' title='bbox 1134 2507 1189 2566; x_wconf 89' lang='lat' dir='ltr'><strong>sed</strong></span> 
     </span>
     <span class='ocr_line' id='line_1_27' title="bbox 166 2593 1188 2672; baseline 0.001 -19"><span class='ocrx_word' id='word_1_227' title='bbox 166 2595 258 2653; x_wconf 88' lang='lat' dir='ltr'><strong>etiam</strong></span> <span class='ocrx_word' id='word_1_228' title='bbox 293 2596 397 2653; x_wconf 89' lang='lat' dir='ltr'><strong>multis</strong></span> <span class='ocrx_word' id='word_1_229' title='bbox 439 2595 507 2653; x_wconf 79' lang='lat' dir='ltr'><strong>ediis</strong></span> <span class='ocrx_word' id='word_1_230' title='bbox 546 2593 690 2672; x_wconf 81' lang='lat' dir='ltr'><strong>Georgius</strong></span> <span class='ocrx_word' id='word_1_231' title='bbox 728 2593 839 2653; x_wconf 85' lang='lat' dir='ltr'><strong>similia</strong></span> <span class='ocrx_word' id='word_1_232' title='bbox 870 2596 962 2655; x_wconf 84' lang='lat' dir='ltr'><strong>verba</strong></span> <span class='ocrx_word' id='word_1_233' title='bbox 995 2598 1041 2655; x_wconf 87' lang='lat' dir='ltr'><strong>ita</strong></span> <span class='ocrx_word' id='word_1_234' title='bbox 1075 2599 1188 2655; x_wconf 90' lang='lat' dir='ltr'><strong>temere</strong></span> 
     </span>
     <span class='ocr_line' id='line_1_28' title="bbox 166 2683 1188 2759; baseline 0.003 -18"><span class='ocrx_word' id='word_1_235' title='bbox 166 2683 335 2759; x_wconf 72' lang='lat' dir='ltr'><strong>substituit,</strong></span> <span class='ocrx_word' id='word_1_236' title='bbox 366 2686 402 2742; x_wconf 87' lang='lat' dir='ltr'><strong>ut</strong></span> <span class='ocrx_word' id='word_1_237' title='bbox 429 2685 488 2745; x_wconf 77' lang='lat' dir='ltr'><strong>lori</strong></span> <span class='ocrx_word' id='word_1_238' title='bbox 521 2686 664 2759; x_wconf 82' lang='lat' dir='ltr'><strong>cuiusque</strong></span> <span class='ocrx_word' id='word_1_239' title='bbox 696 2684 876 2743; x_wconf 86' lang='lat' dir='ltr'><strong>sententiam</strong></span> <span class='ocrx_word' id='word_1_240' title='bbox 907 2685 990 2744; x_wconf 94' lang='lat' dir='ltr'><strong>nullo</strong></span> <span class='ocrx_word' id='word_1_241' title='bbox 1020 2685 1108 2744; x_wconf 90' lang='lat' dir='ltr'><strong>modo</strong></span> <span class='ocrx_word' id='word_1_242' title='bbox 1142 2688 1188 2744; x_wconf 88' lang='lat' dir='ltr'><strong>at·</strong></span> 
     </span>
     <span class='ocr_line' id='line_1_29' title="bbox 165 2772 308 2832; baseline -0.014 -1"><span class='ocrx_word' id='word_1_243' title='bbox 165 2772 308 2832; x_wconf 86' lang='lat' dir='ltr'><strong>tenderet.</strong></span> 
     </span>
    </p>

    <p class='ocr_par' dir='ltr' id='par_1_11' title="bbox 165 2860 1190 3392">
     <span class='ocr_line' id='line_1_30' title="bbox 232 2860 1188 2941; baseline 0.003 -21"><span class='ocrx_word' id='word_1_244' title='bbox 232 2861 317 2921; x_wconf 85' lang='lat' dir='ltr'><strong>Alios</strong></span> <span class='ocrx_word' id='word_1_245' title='bbox 336 2862 416 2921; x_wconf 87' lang='lat' dir='ltr'><strong>looos</strong></span> <span class='ocrx_word' id='word_1_246' title='bbox 436 2860 580 2941; x_wconf 81' lang='lat' dir='ltr'><strong>Georgius</strong></span> <span class='ocrx_word' id='word_1_247' title='bbox 604 2865 719 2938; x_wconf 87' lang='lat' dir='ltr'><strong>quauta</strong></span> <span class='ocrx_word' id='word_1_248' title='bbox 737 2864 803 2921; x_wconf 88' lang='lat' dir='ltr'><strong>erat</strong></span> <span class='ocrx_word' id='word_1_249' title='bbox 826 2862 900 2921; x_wconf 85' lang='lat' dir='ltr'><strong>artis</strong></span> <span class='ocrx_word' id='word_1_250' title='bbox 917 2863 1188 2941; x_wconf 77' lang='lat' dir='ltr'><strong>palaeographicae</strong></span> 
     </span>
     <span class='ocr_line' id='line_1_31' title="bbox 165 2951 1190 3029; baseline 0.003 -20"><span class='ocrx_word' id='word_1_251' title='bbox 165 2952 318 3028; x_wconf 84' lang='lat' dir='ltr'><strong>imperitia</strong></span> <span class='ocrx_word' id='word_1_252' title='bbox 337 2970 474 3028; x_wconf 82' lang='lat' dir='ltr'><strong>perverse</strong></span> <span class='ocrx_word' id='word_1_253' title='bbox 492 2954 684 3011; x_wconf 73' lang='lat' dir='ltr'><strong>retraetarit</strong></span> <span class='ocrx_word' id='word_1_254' title='bbox 710 2951 814 3009; x_wconf 87' lang='lat' dir='ltr'><strong>Veluti</strong></span> <span class='ocrx_word' id='word_1_255' title='bbox 831 2971 887 3027; x_wconf 91' lang='lat' dir='ltr'><strong>pro</strong></span> <span class='ocrx_word' id='word_1_256' title='bbox 905 2952 1004 3011; x_wconf 84' lang='lat' dir='ltr'><strong>verbis</strong></span> <span class='ocrx_word' id='word_1_257' title='bbox 1023 2952 1190 3029; x_wconf 78' lang='lat' dir='ltr'><strong>Epiphanii</strong></span> 
     </span>
     <span class='ocr_line' id='line_1_32' title="bbox 165 3032 1188 3125; baseline 0.003 -27"><span class='ocrx_word' id='word_1_258' title='bbox 165 3040 254 3101; x_wconf 89' lang='lat' dir='ltr'><strong>Haer.</strong></span> <span class='ocrx_word' id='word_1_259' title='bbox 273 3041 314 3115; x_wconf 89' lang='lat' dir='ltr'><strong>H,</strong></span> <span class='ocrx_word' id='word_1_260' title='bbox 335 3041 385 3115; x_wconf 86' lang='grc'><strong>64,</strong></span> <span class='ocrx_word' id='word_1_261' title='bbox 404 3042 422 3099; x_wconf 81' lang='lat'><strong>2</strong></span> <span class='ocrx_word' id='word_1_262' title='bbox 448 3038 496 3100; x_wconf 78' lang='grc' dir='ltr'><strong><em>ἐπὶ</em></strong></span> <span class='ocrx_word' id='word_1_263' title='bbox 518 3040 642 3125; x_wconf 78' lang='grc' dir='ltr'><strong><em>πλείστῳ</em></strong></span> <span class='ocrx_word' id='word_1_264' title='bbox 666 3039 777 3124; x_wconf 81' lang='grc' dir='ltr'><strong><em>φθόνῳ</em></strong></span> <span class='ocrx_word' id='word_1_265' title='bbox 801 3032 981 3122; x_wconf 82' lang='grc' dir='ltr'><strong><em>(Ὠριχένης)</em></strong></span> <span class='ocrx_word' id='word_1_266' title='bbox 1006 3038 1188 3120; x_wconf 81' lang='grc' dir='ltr'><strong><em>διεβέβλητο,</em></strong></span> 
     </span>
     <span class='ocr_line' id='line_1_33' title="bbox 165 3127 1189 3210; baseline 0 -21"><span class='ocrx_word' id='word_1_267' title='bbox 165 3127 215 3189; x_wconf 82' lang='grc' dir='ltr'><strong>καλ</strong></span> <span class='ocrx_word' id='word_1_268' title='bbox 248 3132 359 3208; x_wconf 85' lang='grc' dir='ltr'><strong><em>μάλλον</em></strong></span> <span class='ocrx_word' id='word_1_269' title='bbox 389 3136 475 3191; x_wconf 83' lang='grc' dir='ltr'><strong><em>τοῦτο</em></strong></span> <span class='ocrx_word' id='word_1_270' title='bbox 503 3128 675 3210; x_wconf 83' lang='grc' dir='ltr'><strong><em>παρότρονε</em></strong></span> <span class='ocrx_word' id='word_1_271' title='bbox 707 3127 777 3200; x_wconf 79' lang='grc' dir='ltr'><strong><em>τοὺς</em></strong></span> <span class='ocrx_word' id='word_1_272' title='bbox 808 3127 882 3188; x_wconf 84' lang='grc' dir='ltr'><strong><em>κατὰ</em></strong></span> <span class='ocrx_word' id='word_1_273' title='bbox 908 3128 1015 3208; x_wconf 87' lang='grc' dir='ltr'><strong><em>καιρὸν</em></strong></span> <span class='ocrx_word' id='word_1_274' title='bbox 1041 3128 1104 3190; x_wconf 89' lang='grc' dir='ltr'><strong><em>τότε</em></strong></span> <span class='ocrx_word' id='word_1_275' title='bbox 1131 3129 1189 3209; x_wconf 83' lang='grc' dir='ltr'><strong>τῆν</strong></span> 
     </span>
     <span class='ocr_line' id='line_1_34' title="bbox 166 3215 1187 3303; baseline 0 -26"><span class='ocrx_word' id='word_1_276' title='bbox 166 3216 389 3297; x_wconf 82' lang='grc' dir='ltr'><strong><em>ἐξουσιαστικῆν</em></strong></span> <span class='ocrx_word' id='word_1_277' title='bbox 412 3216 507 3299; x_wconf 79' lang='grc' dir='ltr'><strong><em>ἀρχὴν</em></strong></span> <span class='ocrx_word' id='word_1_278' title='bbox 528 3215 691 3289; x_wconf 76' lang='grc' dir='ltr'><strong><em>διέποντας.</em></strong></span> <span class='ocrx_word' id='word_1_279' title='bbox 728 3219 933 3303; x_wconf 67' lang='grc' dir='ltr'><strong><em>κακομηχανίαν</em></strong></span> <span class='ocrx_word' id='word_1_280' title='bbox 955 3217 1011 3299; x_wconf 80' lang='grc' dir='ltr'><strong>γὰρ</strong></span> <span class='ocrx_word' id='word_1_281' title='bbox 1030 3219 1187 3303; x_wconf 85' lang='grc' dir='ltr'><strong><em>διαβολικῆ</em></strong></span> 
     </span>
     <span class='ocr_line' id='line_1_35' title="bbox 167 3304 1188 3392; baseline 0.003 -27"><span class='ocrx_word' id='word_1_282' title='bbox 167 3304 331 3385; x_wconf 77' lang='grc' dir='ltr'><strong><em>ἐπενόησαν</em></strong></span> <span class='ocrx_word' id='word_1_283' title='bbox 354 3308 387 3368; x_wconf 80' lang='grc' dir='ltr'><strong>οἱ</strong></span> <span class='ocrx_word' id='word_1_284' title='bbox 406 3317 459 3388; x_wconf 85' lang='grc' dir='ltr'><strong>τῆς</strong></span> <span class='ocrx_word' id='word_1_285' title='bbox 481 3308 586 3381; x_wconf 86' lang='grc' dir='ltr'><strong><em>κακίας</em></strong></span> <span class='ocrx_word' id='word_1_286' title='bbox 608 3306 728 3387; x_wconf 80' lang='grc' dir='ltr'><strong><em>ἐργάται</em></strong></span> <span class='ocrx_word' id='word_1_287' title='bbox 754 3305 928 3387; x_wconf 81' lang='grc' dir='ltr'><strong><em>αἰσχρότητα</em></strong></span> <span class='ocrx_word' id='word_1_288' title='bbox 954 3314 994 3392; x_wconf 81' lang='grc' dir='ltr'><strong>τῷ</strong></span> <span class='ocrx_word' id='word_1_289' title='bbox 1013 3305 1101 3387; x_wconf 85' lang='grc' dir='ltr'><strong><em>ἀνδρλ</em></strong></span> <span class='ocrx_word' id='word_1_290' title='bbox 1122 3306 1188 3368; x_wconf 85' lang='grc' dir='ltr'><strong><em>ἐπι-</em></strong></span> 
     </span>
    </p>
   </div>
   <div class='ocr_carea' id='block_1_11' title="bbox 165 3394 1189 3657">
    <p class='ocr_par' dir='ltr' id='par_1_12' title="bbox 165 3394 1189 3657">
     <span class='ocr_line' id='line_1_36' title="bbox 165 3394 1189 3482; baseline 0.003 -28"><span class='ocrx_word' id='word_1_291' title='bbox 165 3403 273 3473; x_wconf 91' lang='grc' dir='ltr'><strong><em>νοῆσαι</em></strong></span> <span class='ocrx_word' id='word_1_292' title='bbox 300 3398 457 3457; x_wconf 87' lang='lat' dir='ltr'><strong>substituit</strong></span> <span class='ocrx_word' id='word_1_293' title='bbox 483 3419 512 3474; x_wconf 91' lang='lat' dir='ltr'><strong>p.</strong></span> <span class='ocrx_word' id='word_1_294' title='bbox 535 3399 609 3472; x_wconf 80' lang='lat'>457,</span> <span class='ocrx_word' id='word_1_295' title='bbox 630 3398 671 3456; x_wconf 81' lang='lat'><strong>25</strong></span> <span class='ocrx_word' id='word_1_296' title='bbox 699 3397 786 3457; x_wconf 84' lang='lat' dir='ltr'><strong>haee:</strong></span> <span class='ocrx_word' id='word_1_297' title='bbox 814 3395 925 3482; x_wconf 76' lang='grc' dir='ltr'><strong><em>φθόνῳ</em></strong></span> <span class='ocrx_word' id='word_1_298' title='bbox 953 3394 985 3458; x_wconf 82' lang='grc' dir='ltr'><strong>δὲ</strong></span> <span class='ocrx_word' id='word_1_299' title='bbox 1012 3395 1189 3476; x_wconf 78' lang='grc' dir='ltr'><strong><em>διαβληθεὶς</em></strong></span> 
     </span>
     <span class='ocr_line' id='line_1_37' title="bbox 165 3483 1189 3570; baseline 0.001 -26"><span class='ocrx_word' id='word_1_300' title='bbox 165 3483 240 3563; x_wconf 86' lang='grc' dir='ltr'><strong><em>πρὸς</em></strong></span> <span class='ocrx_word' id='word_1_301' title='bbox 267 3485 337 3557; x_wconf 79' lang='grc' dir='ltr'><strong><em>τοὺς</em></strong></span> <span class='ocrx_word' id='word_1_302' title='bbox 364 3494 417 3565; x_wconf 85' lang='grc' dir='ltr'><strong>τῆς</strong></span> <span class='ocrx_word' id='word_1_303' title='bbox 444 3486 579 3560; x_wconf 80' lang='grc' dir='ltr'><strong><em>ἐξουσίας</em></strong></span> <span class='ocrx_word' id='word_1_304' title='bbox 606 3483 750 3567; x_wconf 84' lang='grc' dir='ltr'><strong><em>ἀρχοντας</em></strong></span> <span class='ocrx_word' id='word_1_305' title='bbox 781 3487 986 3570; x_wconf 81' lang='grc' dir='ltr'><strong><em>κακομηχανίηι</em></strong></span> <span class='ocrx_word' id='word_1_306' title='bbox 1014 3485 1189 3565; x_wconf 84' lang='grc' dir='ltr'><strong><em>διαβολικῆς</em></strong></span> 
     </span>
     <span class='ocr_line' id='line_1_38' title="bbox 166 3571 1189 3657; baseline 0.001 -23"><span class='ocrx_word' id='word_1_307' title='bbox 166 3572 298 3647; x_wconf 85' lang='grc' dir='ltr'><strong><em>ἐπινοίας</em></strong></span> <span class='ocrx_word' id='word_1_308' title='bbox 330 3574 372 3648; x_wconf 83' lang='grc' dir='ltr'><strong>εἰς</strong></span> <span class='ocrx_word' id='word_1_309' title='bbox 400 3575 591 3657; x_wconf 86' lang='grc' dir='ltr'><strong><em>αἰσχρότατον</em></strong></span> <span class='ocrx_word' id='word_1_310' title='bbox 622 3571 719 3654; x_wconf 84' lang='grc' dir='ltr'><strong><em>ἀνδρα</em></strong></span> <span class='ocrx_word' id='word_1_311' title='bbox 747 3572 840 3652; x_wconf 68' lang='lat' dir='ltr'><strong>parto</strong></span> <span class='ocrx_word' id='word_1_312' title='bbox 871 3573 1074 3653; x_wconf 89' lang='grc' dir='ltr'><strong><em>ἐπινοηθῆναι</em></strong></span> <span class='ocrx_word' id='word_1_313' title='bbox 1105 3573 1189 3656; x_wconf 82' lang='grc' dir='ltr'><strong><em>παρὰ</em></strong></span> 
     </span>
    </p>
   </div>
   <div class='ocr_carea' id='block_1_12' title="bbox 0 0 1315 3909">
    <p class='ocr_par' dir='ltr' id='par_1_13' title="bbox 0 0 1315 3909">
     <span class='ocr_line' id='line_1_39' title="bbox 0 0 1315 3909; baseline 0 0"><span class='ocrx_word' id='word_1_314' title='bbox 0 0 1315 3909; x_wconf 95' lang='lat' dir='ltr'><strong> </strong></span> 
     </span>
    </p>
   </div>
  </div>
 </body>
</html>
