2617 3909
518 211 707 262 XPONIKON
1057 207 1121 272 37¹1

110 354 252 438 Νέρωνα,
281 353 316 418 ὃν
343 355 394 418 καὶ
421 354 523 418 λέοντα
545 356 596 420 δεδι
618 356 650 418 τὸ
674 355 881 438 ἀπάνθρωπον
903 356 952 418 καί
975 358 1124 438 θηριῶδες

109 464 164 516 τοῦ
186 454 298 537 τρόπου
319 460 417 529 καλῶς
439 453 602 536 ὠνόμασεν,
624 455 748 534 καλιὴν
766 454 846 536 παρὰ
864 455 958 529 πόδας
976 457 1123 518 τελείωσιν

110 552 211 634 ἐπάγει
239 554 375 632 φάσκων·
409 552 561 635 ἐρράσθην
587 552 620 615 ἐκ
647 554 789 633 στόματος
816 552 946 633 λέοντος,
974 552 1047 616 ἀλλά
1074 552 1125 616 ναὶ

110 652 232 732 ῥύσεταί
252 673 287 730 με
309 652 412 731 κόρως
434 650 493 713 ἀπὸ
516 651 628 724 παντὸς
650 651 738 733 ἔργον
756 660 892 732 πονηροῦ
910 652 959 714 καὶ
978 653 1064 714 σώσει
1082 651 1125 724 είς

110 750 166 829 τὴν
184 750 335 829 βασιλείαν
353 749 446 812 αὐτοῦ
464 748 520 828 τὴν
538 747 728 829 ἐπουράνιον,
746 747 942 829 όπεμφαίνων
958 751 990 813 τὸ
1009 772 1124 832 παραυ·
1153 767 1165 808 σ

110 848 177 911 τίκα
200 847 375 930 μαρτύριον,
403 844 420 909 δ
447 846 498 908 καλ
520 847 699 928 σαφέστερον
722 847 754 910 ἐν
777 857 812 932 τῇ
836 847 910 933 αὐτῇ
934 848 1126 930 προαγορεύει

110 953 213 1029 γραφῇ
241 942 346 1026 λέγων·
374 943 431 1025 ἐγὼ
458 943 514 1026 γὰρ
541 942 601 1023 ἤδη
629 943 807 1025 σπένδομαι,
837 944 887 1006 καὶ
910 944 926 1008 ὁ
949 945 1051 1028 καιρὸς
1074 953 1126 1024 τῆς
1142 964 1181 1004 τεο
1195 962 1227 1004 Μ.

110 1042 185 1122 ἐμῆς
216 1040 385 1116 ἀναλύσεως
420 1041 587 1121 ἐφέστηκεν.
642 1040 902 1123 ἀπολογησάμενος
938 1044 1040 1106 τοίνυν
1072 1042 1126 1122 τὴν

111 1141 234 1222 πρώτην
256 1139 419 1223 ἀπολογίαν
441 1139 492 1201 καὶ
514 1132 606 1212 αὖθις
628 1139 677 1202 ἐπὶ
699 1140 755 1219 τὴν
776 1149 829 1202 τοῦ
852 1141 1038 1222 κηρύγματος
1060 1140 1125 1202 δια-

112 1239 220 1301 κονίαν
242 1238 436 1318 στειλάμενος,
458 1232 520 1298 είτα
542 1238 631 1298 πάλιν
651 1236 684 1300 τὸ
704 1238 840 1318 δεύτερον
858 1237 963 1317 ἐπιβὰς
980 1247 1015 1322 τῇ
1029 1233 1126 1322 Ῥώμη
1141 1249 1168 1288 1⁰

113 1334 233 1415 δίσμιος
263 1335 314 1398 καὶ
341 1333 481 1407 ὡσαύτως
508 1333 627 1416 Νέρωνι
653 1335 837 1416 παραδοθεὶς
864 1334 915 1397 τόν
943 1335 993 1398 διὰ
1020 1336 1127 1414 ξίφους

111 1442 166 1497 τοῦ
190 1435 352 1515 μαρτυρίου
375 1431 524 1512 στέφανον
546 1432 710 1511 ἀνεδήσατο
734 1432 807 1512 μηνλ
826 1427 940 1519 Ἰουνίφ
962 1430 1028 1513 καθ’,
1051 1429 1124 1496 καθ’

112 1529 153 1611 ἣν
180 1529 294 1613 ἡμέραν
323 1530 373 1593 καί
399 1530 513 1612 Πέτρος
539 1530 730 1611 ἐσταυρώθη,
758 1532 894 1611 καθάπερ
922 1530 972 1592 καί
999 1532 1127 1613 Μάρκος

111 1629 163 1691 καλ
194 1635 319 1703 Λουκᾶς
351 1629 382 1690 οἱ
410 1627 609 1710 εόυγγελισταλ
639 1627 690 1690 καὶ
719 1622 856 1710 Ἰάκωβος
889 1626 904 1689 ό
934 1628 1127 1707 ἀδελφόθεος.

112 1726 130 1792 ό
154 1719 211 1790 οὖν
228 1732 353 1799 Λουκᾶς
374 1725 423 1788 ἐττλ
443 1726 542 1798 ἐλαίας
558 1725 754 1808 καρποφόρου
772 1729 967 1808 σταυρωθείς,
991 1727 1030 1806 μὴ
1049 1727 1127 1806 εὑρι-
1143 1737 1169 1780 1⁶

114 1822 261 1904 σκομίνου
293 1824 384 1898 ξύλου
415 1825 507 1905 ξηροῦ
540 1825 615 1904 πρὸς
646 1825 679 1888 τὸ
711 1824 850 1906 γενέσθαι
877 1826 1006 1905 σταυρόν
1033 1825 1065 1888 ἐν
1092 1825 1131 1911 τῷ

113 1925 204 2008 τόπμ,
226 1923 326 2003 λαβών
344 1945 388 1996 τις
410 1924 442 1985 τό
467 1932 551 2003 σῶμα
568 1921 618 1987 καί
637 1922 743 2002 μεταξὺ
762 1928 879 1986 πολλῶν
897 1925 1049 2002 μνημείων
1069 1924 1128 1986 θά-

112 2037 178 2098 ψας
204 2019 316 2099 άδηλον
343 2020 462 2098 ἐποίησε
490 2020 542 2082 τὸν
564 2020 669 2097 τάφον.
715 2029 774 2080 τῶν
797 2018 829 2082 δὲ
853 2027 997 2100 μαθητῶν
1019 2019 1128 2100 ἀναζη-

112 2119 246 2182 τοόντων
278 2116 426 2197 μετέπειτα
457 2115 507 2179 καὶ
539 2117 580 2196 μη
608 2115 803 2196 εὑρισκόντων
831 2117 923 2181 αὐτοῦ
953 2117 1004 2180 τδν
1031 2118 1128 2196 τάφον

114 2216 165 2278 διὰ
196 2216 228 2278 τό
259 2220 377 2294 πλῆθος
407 2225 467 2276 τῶν
495 2215 670 2294 μνημάτων,
698 2213 943 2296 προσευξαμένων
970 2215 1069 2278 αὐτῶν
1092 2224 1126 2300 τῇ
1142 2227 1169 2266 2⁰

112 2312 200 2380 νυκτί
226 2312 324 2396 ἐκείνη
351 2314 513 2395 κουλοόρια
538 2312 654 2393 ἔβρεξεν
677 2311 693 2374 ό
717 2312 789 2386 θεὸς
816 2313 931 2395 ίατρικά
953 2312 1052 2375 ἐπάνω
1074 2322 1128 2374 τοῦ

113 2412 213 2490 τάφου
243 2410 377 2490 σύμβολα
403 2419 456 2490 τῆς
483 2409 645 2488 ἐπιστήμης
673 2409 780 2489 αὐτοῦ,
807 2408 857 2472 καλ
883 2409 916 2474 ἐκ
942 2410 1048 2473 τούτου
1075 2419 1128 2472 τοῦ

115 2509 240 2589 σημείου
262 2506 375 2589 ἐγένετο
396 2509 544 2590 γνοόριμος
566 2505 584 2570 δ
605 2508 711 2588 τάφος,
734 2501 770 2570 οὗ
794 2508 827 2570 τὸ
849 2508 946 2587 τίμιον
968 2506 1019 2568 καί
1041 2508 1129 2590 άγιον

114 2609 259 2684 λείψανον
286 2603 468 2684 ἀνακομίσας
493 2605 700 2678 Κωνστάντιος
728 2607 795 2679 υἱός
817 2607 1048 2669 Κωνσταντίνον
1075 2614 1128 2669 τοῦ

116 2703 244 2785 μεγάλου
266 2700 430 2781 κατέθηκεν
452 2702 485 2764 ἐν
507 2707 546 2786 τῷ
565 2709 627 2786 ναῷ
646 2713 706 2764 τῶν
728 2701 821 2784 ἀγίων
844 2701 1023 2765 ἀποστόλων.
1143 2715 1169 2756 ²⁵

188 2854 204 2901 ε
223 2847 255 2901 11.
271 2846 342 2900 Tim.
357 2852 383 2913 4,
399 2851 440 2900 ιτ.
460 2877 493 2886 -
514 2852 529 2900 τ
548 2848 584 2901 νο.
599 2863 623 2901 ο.
640 2853 664 2901 ε.
685 2879 718 2888 -
739 2853 843 2901 ιι-ιο
864 2847 930 2902 Mal.
947 2865 976 2917 p.
993 2852 1054 2914 νετ,
1069 2853 1092 2901 1.

189 2968 239 3018 ’λδ
257 2970 306 3032 της
322 2963 389 3032 ἐμῆς
406 2962 565 3025 άναλόσεως
582 2961 731 3016 BGFLPR
739 2963 803 3017 Eun.
832 2971 881 3033 τῆς
899 2963 1058 3026 ἀναλύσεώς
1076 2983 1129 3034 μου

116 3034 223 3089 AENV
237 3034 288 3104 Ep.
305 3033 426 3088 adTim.
452 3065 487 3074 —
515 3040 548 3088 21
572 3033 724 3102 κουλοόρια
743 3033 791 3088 CP
813 3035 979 3102 κουλλοόρια
996 3035 1043 3088 AF
1066 3038 1129 3089 κολ-

117 3106 216 3174 λοόρια
234 3105 336 3159 ELVR
358 3105 489 3172 κολλόρια
513 3107 552 3160 lit.
572 3123 586 3160 ο
603 3106 751 3172 κολλοόρια
768 3106 793 3158 D
817 3107 950 3174 κολοόρια
969 3105 991 3158 Β
1014 3106 1130 3173 κοροάλ-

117 3180 164 3231 λια
183 3177 219 3231 Μ,
240 3209 274 3217 -
293 3182 328 3230 24
347 3175 362 3230 ὁ
380 3175 443 3238 υίὸς
460 3176 543 3231 ABL.
564 3209 597 3217 -
622 3183 656 3230 26
675 3176 772 3232 κατέθ.
792 3177 861 3232 αὐτὸ
880 3178 966 3246 (αὐτόν
984 3177 1024 3248 Μ)
1045 3178 1076 3233 έν
1094 3177 1128 3230 Ν.

190 3305 304 3364 20-25
323 3302 372 3355 καλ
389 3301 609 3370 προσευξάμενοι
626 3309 660 3372 τῇ
678 3302 758 3356 νυκτί
776 3305 850 3356 κουλ.
869 3300 968 3374 βρέξας
985 3301 1000 3356 δ
1017 3301 1130 3364 θεὸς-

117 3378 167 3440 της
189 3371 274 3426 ἐκιττ.
294 3373 394 3439 αὐτοῦ,
422 3375 509 3442 δῆλον
537 3369 648 3441 ἐποίησε
671 3373 721 3428 τόν
743 3373 848 3442 τάφον·
878 3369 910 3429 οὗ
938 3374 970 3428 τὸ
993 3371 1130 3442 λείψανον

117 3443 306 3505 τωνστάντιος
332 3442 394 3506 υἱὸς
420 3442 628 3504 κωνσταντίνου
655 3441 830 3513 ἀνακομίσας
857 3444 887 3500 ἐν
910 3462 1131 3500 κωνσταντινου-

118 3513 199 3571 πόλει
221 3512 379 3583 κατέθηκεν
407 3515 437 3570 ἐν
460 3535 483 3568 τ.
504 3535 529 3570 ν.
556 3523 613 3569 τῶν
636 3513 812 3584 ἀποστόλων,
841 3513 925 3584 όνπερ
952 3513 1130 3589 ᾠκοδόμησεν

118 3583 134 3637 ό
152 3585 244 3655 πατὴρ
263 3586 350 3640 αὐτοῦ
369 3584 454 3656 μέγας
472 3583 677 3650 κωνσταντίνος
694 3586 723 3639 Ρ.
