2617 3909
529 240 718 292 XPONIKON
1064 237 1129 304 333

115 390 205 473 μορίμ
227 389 337 467 οἴκημά
359 387 437 450 ἐστιν
459 389 550 469 ίερόν,
572 385 589 450 δ
612 393 735 450 καλοῦσι
758 395 893 468 σεμνεῖον
915 388 965 450 καί
984 389 1129 469 μοναστή-

115 511 193 568 ριον,
215 486 248 549 ἐν
270 474 294 571 ᾧ
311 486 492 565 μονούμενοι
509 485 545 547 τὰ
562 495 615 548 τοῦ
633 496 744 565 σεμνοῦ
762 488 831 567 βίου
850 486 995 567 μυστήρια
1012 491 1130 550 τελούν-

115 608 164 647 ται
186 582 291 664 μηδείς
313 581 407 663 μηδὲν
434 585 616 664 κομίζοντες,
647 583 688 663 μή
710 584 803 647 ποτδν
826 584 868 664 μή
890 585 984 646 σιτίον
1006 583 1082 664 μηδέ
1104 607 1131 646 τι

116 692 176 745 τῶν
207 680 319 762 άλλων,
351 681 406 742 ὅσα
432 680 507 762 πρὸς
533 681 585 755 τὰς
611 691 665 744 τοῦ
692 683 826 761 σώματος
852 684 948 763 χρείας
975 681 1131 764 ἀναγκαία,

116 780 192 842 ἀλλὰ
226 780 338 860 νόμους
373 778 424 840 καί
455 779 539 861 λόγια
569 778 773 842 θεσπισθέντα
803 779 854 841 διὰ
884 791 1048 863 προφητῶν
1080 779 1131 842 καί
1158 801 1170 842 ι

116 880 233 958 ύμνους
259 877 310 939 καί
335 875 425 938 τάλλα
451 871 498 950 οίς
524 877 669 958 ἐπιστήμη
698 877 750 939 καί
776 876 908 958 εὐσέβεια
935 879 1134 954 συναύξονται

117 999 148 1038 τε
173 975 225 1038 καί
251 980 436 1038 τελειοῦνται.
480 977 513 1038 τὸ
536 974 569 1037 δέ
592 975 622 1051 ἐξ
646 976 778 1038 ἑωθινοῦ
801 975 900 1057 μέγρις
921 976 1044 1058 ἑσπέρας
1067 978 1131 1038 διά-

119 1092 216 1154 στημα
247 1074 368 1153 σύμπαν
398 1073 500 1146 αὐτοῖς
531 1073 611 1135 ἐστιν
642 1072 772 1154 άσκησις.
823 1073 1047 1155 ἐντυγχάνοντες
1076 1074 1131 1156 γὰρ

118 1179 180 1246 τοῖς
202 1173 293 1253 ἱεροῖς
318 1172 469 1253 γράμμασι
495 1177 695 1250 φιλοσοφοῦσι
716 1172 772 1251 τήν
794 1173 919 1253 πάτριον
941 1174 1132 1251 φιλοσοφίαν.

119 1270 289 1352 ἐγκράτειαν
316 1267 349 1331 δὲ
375 1269 473 1350 ὥσπερ
498 1269 564 1330 τινὰ
594 1269 734 1350 θεμέλιον
763 1271 1069 1351 προκαιαβαλλόμενοι
1096 1280 1131 1356 τῇ
1147 1291 1172 1331 ιο

119 1377 203 1453 ψυχῇ
226 1367 279 1441 τὰς
301 1365 390 1440 άλλας
414 1366 661 1447 ἐποικοδομοῦσιν
684 1366 795 1448 ιἰρετάς.
840 1369 934 1430 σιτίον
956 1368 1012 1450 γὰρ
1034 1367 1055 1450 ή
1078 1391 1133 1431 πο·

119 1464 173 1527 τὸν
194 1462 294 1537 ούδείς
316 1462 354 1525 διν
376 1463 476 1526 αὐτῶν
492 1464 715 1546 προσενέγποιτο
733 1465 791 1548 πρὸ
810 1463 897 1545 ἡλίου
916 1466 1037 1547 δύσεως,
1056 1466 1133 1529 ἐπει-

120 1562 215 1642 δήπερ
249 1562 282 1624 τδ
319 1559 373 1641 μέν
405 1567 582 1640 φιλοσοφεῖν
613 1561 699 1638 άξιον
733 1564 831 1642 φωτὸς
862 1557 938 1625 εἶναι
969 1566 1133 1646 κρίνουσιν,

121 1658 245 1733 σκότους
276 1657 309 1720 δὲ
340 1658 392 1732 τὰς
422 1669 475 1721 τοῦ
507 1661 641 1739 σώματος
668 1659 807 1742 ἀνάγκας.
852 1660 926 1723 ένιοι
953 1659 985 1723 δὲ
1013 1660 1063 1724 καί
1090 1656 1130 1723 δι’

119 1756 239 1840 ἡμερῶν
260 1767 350 1837 τριῶν
371 1756 649 1838 ὑπομιμνήσκονται
670 1769 793 1841 τροφής,
817 1753 863 1832 οἷς
884 1758 974 1821 πλέον
997 1758 1013 1823 δ
1036 1760 1134 1834 πόθος
1148 1781 1173 1823 15

120 1865 174 1935 τῆς
203 1855 364 1935 ἐπιστήμης
394 1855 551 1937 ἐνίδρυται.
600 1854 678 1931 τινὲς
710 1855 742 1919 δὲ
769 1859 863 1930 οὕτως
890 1856 1134 1938 ἐνευφραίνονται

120 1953 172 2016 ιιιιλ
198 1963 350 2035 τρυφῶσιν
378 1953 437 2017 δπδ
465 1956 573 2032 σοφίας
600 1954 770 2034 ἑστιώμενοι
791 1956 939 2028 πλουσίως
961 1954 1011 2017 καί
1033 1955 1134 2034 ἀφθό-

120 2076 182 2126 νως
203 2051 240 2112 τὰ
262 2052 393 2132 δόγματα
415 2053 613 2133 χορηγούσης,
636 2050 678 2125 ὡς
700 2051 751 2113 καί
772 2053 848 2132 πρὸς
870 2053 1046 2114 διπλασίονα
1067 2055 1134 2134 χρό-

121 2172 177 2211 νον
195 2147 324 2229 ἀντέχειν
342 2150 428 2231 μόγις
448 2143 488 2210 δι’
509 2146 628 2231 ήμερῶν
640 2152 675 2223 ἐξ
694 2148 894 2230 ἀπογεύεσθαι
912 2159 1026 2230 τροφῆς
1043 2149 1134 2232 ἀναγ-

121 2248 209 2320 καίας
226 2245 406 2321 ἐθισθέντες.
438 2249 473 2308 αλ
487 2245 521 2309 δὲ
538 2247 690 2329 ἐξηγήσεις
707 2256 766 2308 τῶν
781 2248 867 2327 ίερὸον
881 2249 988 2329 λογίων
1001 2249 1134 2330 γίνονται
1148 2271 1174 2312 ιο

121 2345 223 2420 αύτοῖς
252 2339 293 2407 δι’
318 2344 470 2407 ὑπονοιῶν
499 2345 533 2408 έν
561 2344 757 2427 ἀλληγορίαις.
802 2356 883 2406 πάσα
911 2344 968 2426 γὰρ
997 2343 1017 2424 ή
1044 2369 1135 2424 νομο-

122 2444 212 2504 θεσία
242 2444 328 2506 δοκεῖ
348 2450 411 2516 τοῖς
436 2442 562 2523 ἀνδράσι
588 2444 704 2517 τούτοις
731 2443 794 2528 ξώφ
821 2441 948 2506 ἐοικέναι
974 2443 1025 2504 καί
1051 2453 1135 2522 σῶμα

123 2539 179 2621 μὲν
200 2540 275 2621 ἔχειν
297 2540 350 2614 τὰς
371 2540 462 2622 ῥητὰς
484 2539 634 2621 διαλέξεις,
657 2541 760 2621 ψυχήν
783 2539 815 2602 δὲ
837 2541 889 2604 τδν
907 2541 1135 2621 ἐναποκείμενον

122 2644 187 2712 ταῖς
217 2637 326 2713 λέξεσιν
354 2637 482 2719 ἀόρατον
508 2649 591 2700 νοῦν.
637 2637 777 2718 ὡσαύτως
804 2637 836 2700 δὲ
863 2648 916 2719 τῆς
942 2639 1034 2719 αὐτῆς
1060 2639 1135 2701 εἰσιν

123 2737 203 2817 ἱερᾶς
221 2737 367 2809 πολιτείας
383 2734 435 2797 καί
452 2738 654 2810 καταστάσεως
671 2735 721 2798 καί
738 2743 886 2819 γυναῖκες,
904 2729 947 2798 ὧν
961 2738 995 2798 αί
1005 2743 1135 2800 πλεῖσται
1149 2758 1175 2801 ιτ
1189 2761 1228 2801 ιιι
1242 2759 1273 2799 ιτ.

197 2913 310 2961 ιο-ιο
328 2907 393 2961 Eue.
413 2908 485 2962 Ηιει.
504 2908 571 2963 σου.
590 2908 628 2974 11,
649 2913 700 2976 ιτ,
721 2914 761 2962 ιο.
786 2940 820 2947 -
846 2914 960 2962 ιι-ιι
978 2911 1013 2964 ιο.
1034 2913 1076 2963 ιο.
1101 2939 1134 2949 -

124 2985 230 3050 ει-ρ.
248 2984 309 3047 334,
324 2985 340 3032 3
358 2980 393 3034 ιὀ.
411 2985 451 3033 19.

196 3128 211 3176 1
236 3118 349 3191 σεμνίον
371 3119 427 3176 GP.
456 3153 489 3161 —
522 3128 538 3174 3
564 3118 683 3190 νομίζων
706 3119 764 3175 RV.
793 3153 827 3160 -
859 3125 890 3174 11
916 3119 1136 3190 ἐποινοδομῶσιν

124 3192 209 3247 ACD.
224 3225 259 3234 -
279 3199 312 3247 12
330 3190 546 3263 προσενέγκαιτο
561 3191 660 3246 VEus.
680 3224 714 3233 —
734 3197 767 3246 16
786 3189 988 3261 εὐφραίνονται
1001 3191 1084 3246 BFR.
1102 3224 1135 3232 —

126 3269 159 3318 17
178 3260 338 3336 πλουίσίωςι
358 3265 463 3333 Incipit
480 3265 536 3319 cod.
557 3265 718 3320 Patmiacus
737 3263 787 3390 (δὲ
812 3295 845 3303 -
871 3268 903 3316 19
922 3263 1136 3334 ἀπογεύσασθαι

125 3335 212 3389 ΑΒΝ.
233 3368 267 3376 -
286 3341 320 3389 23
343 3335 434 3406 ψυχήν
452 3333 588 3389 BEFNR
610 3342 688 3406 ψυχή
707 3335 755 3388 ΑΡ
804 3334 879 3406 ψυχή
899 3333 936 3388 0.·

199 3483 212 3531 1
236 3480 360 3532 καλεῖται
379 3477 475 3532 ΡΕιιε.
500 3509 533 3517 -
557 3476 654 3548 λτδις]
678 3476 713 3531 τὰ
733 3477 761 3530 Ρ.
786 3510 821 3518 -
845 3482 859 3529 7
879 3479 1022 3532 τελοῦνται
1045 3477 1074 3530 P.
1103 3509 1135 3517 —

125 3548 236 3674 ξαξστίγ
254 3549 283 3602 Ρ.
308 3581 343 3588 -
367 3554 399 3602 22
419 3548 541 3604 ἑοικέναι
564 3550 622 3621 ζώω
640 3548 736 3604 ΡΕιιε.
763 3581 795 3590 -
820 3554 853 3603 26
874 3546 1015 3611 πολιτείας
1036 3567 1065 3603 τε
1088 3550 1137 3603 καί
