2617 3909
531 265 720 317 XPONIKON
1067 263 1132 328 305

120 413 233 492 έφησεν
256 412 567 495 ἐξολοθρευθήσεσθαι
588 414 705 495 χρίσμα,
727 407 806 474 τοῦτ’
827 413 887 475 ἔστι
907 412 964 493 την
981 412 1133 475 ἐπανθού-

14 561 16 566 .
118 529 175 572 σαν
198 511 283 593 χάριν
305 516 367 584 τοῖς
389 509 579 593 ἀρχιερεῦσιν.
620 511 648 572 εί
668 510 724 592 γὰρ
747 510 797 572 καί
819 510 959 592 ἐχρίοντο,
981 510 1054 573 ἀλλά
1075 533 1133 572 πα-

117 608 256 690 ρανόμως
282 607 332 669 καὶ
360 610 432 690 παρ’
456 607 550 682 ἀξίαν.
595 607 665 688 ἕως,
692 610 748 691 γάρ
771 627 880 690 φησιν,
901 619 1020 690 χριστοῦ
1041 606 1133 691 ἡγου-

118 705 210 786 μένου
237 705 399 786 ἕβδομάδες
427 704 454 780 ζ’
476 705 526 768 καί
554 706 714 787 ἑβδομάδος
738 704 796 787 ξύλ’.
836 714 875 792 τῷ
894 707 950 790 γὰρ
977 704 1132 793 ἡγουμένῳ

119 809 237 888 Χριστῷ
260 802 311 864 καί
334 813 442 884 σωτῆρι
464 803 516 876 τὰς
539 802 825 879 ἓπταπλασιαζούσας
849 805 1016 885 ἑβδομάδας
1038 804 1133 866 τέθει-
1160 825 1173 865 σ

117 925 183 982 κεν,
212 902 261 962 ἵνα
288 910 404 983 γνῶμεν
433 897 472 974 ἀς
505 899 564 964 ἀπὸ
595 910 649 964 τοῦ
681 907 813 985 Χριστοῦ
844 902 894 963 καί
925 901 973 964 ἐπί
1004 902 1039 964 τδι
1070 901 1133 965 ἀνω

116 999 258 1080 ἀριθμεῖν
286 999 462 1080 βουλόμενοι
489 998 541 1073 τὰς
564 996 591 1073 ζ’
613 999 757 1083 πρότερον
782 1000 948 1082 έβδομάδας
969 1000 1133 1084 εὑρήσομεν

116 1096 166 1158 καὶ
194 1097 257 1159 τότε
284 1096 335 1170 τὰς
358 1094 433 1177 ξβ’..
461 1091 522 1158 είτα
553 1095 627 1179 λέγει
658 1097 709 1158 καί
735 1098 792 1178 την
818 1097 981 1179 μέλλουσαν
1008 1097 1133 1180 ἐρημίαν

115 1205 169 1275 τῆς
191 1194 304 1268 πόλεως
326 1193 376 1256 καὶ
398 1203 451 1276 τῆς
478 1194 655 1277 παρανόμου
681 1194 901 1277 ἀρχιερωσύνης
923 1196 1059 1274 φάσκων·
1082 1194 1133 1256 καί

115 1294 171 1373 την
203 1292 291 1354 πόλιν
320 1291 370 1353 καί
402 1292 433 1354 τό
466 1291 552 1374 ἀγιον
582 1294 746 1376 διαφθερεῖ
767 1292 823 1354 σύν
850 1301 890 1379 τῷ
912 1291 1069 1380 ἡγουμένῳ
1096 1299 1135 1377 τῷ
1147 1314 1173 1354 ιο

116 1388 270 1476 ἐρχομένῳ.
316 1384 486 1470 ἡγούμενον
516 1389 572 1473 γάρ
604 1390 660 1470 τὴν
689 1389 858 1470 ἀλλόφυλον
889 1390 949 1470 ἔφη
981 1391 1132 1471 βασιλείαν

115 1487 166 1550 καὶ
190 1488 245 1567 τὴν
267 1488 443 1568 παράνομον
466 1486 696 1571 ἀρχιερωσύνην.
1029 1521 1032 1526 -

187 1586 271 1648 Οότω
294 1608 326 1666 γε
354 1585 415 1664 μην
441 1584 491 1646 καί
514 1584 530 1648 6
553 1591 638 1659 θεῖος
660 1587 807 1666 Κύριλλος
824 1581 1036 1669 Ἱεροσολύμων
1058 1585 1130 1664 ἔφη·

116 1683 173 1745 ούκ
194 1683 329 1760 ἐκλείψει
356 1680 454 1765 ἀρχων
481 1682 510 1756 ἐξ
538 1684 649 1763 Ἰούδα,
676 1685 785 1764 φησίν,
814 1681 885 1746 ούδέ
911 1680 1077 1765 ἡγούμενος
1100 1683 1133 1745 ἐκ

117 1792 177 1843 τῶν
200 1791 304 1862 μηρῶν
327 1781 430 1861 αύτού,
454 1780 508 1854 ἕως
530 1778 568 1842 ἀν
591 1781 667 1866 ἔλθη
690 1770 714 1866 ᾧ
733 1780 892 1843 ἀπόκειται.
934 1786 1057 1861 σημεῖον
1075 1774 1132 1843 σύν
1148 1801 1172 1843 ισ

116 1880 205 1942 έδωκε
227 1889 280 1959 τῆς
303 1881 434 1960 Χριστοῦ
457 1880 620 1961 παρουσίας
643 1879 676 1940 τὸ
695 1881 869 1941 παύσασθαι
887 1878 942 1957 τὴν
961 1878 1056 1962 ἀρχὴν
1073 1889 1132 1940 τῶν

113 1972 276 2039 Ἰουδαίων.
315 1977 342 2038 εί
363 1976 419 2059 γὰρ
438 1976 479 2055 μὴ
498 1986 556 2037 νῦν
574 1975 634 2038 δπὸ
647 1971 809 2057 Ῥωμαίους
827 1977 912 2057 είσίν,
935 1975 1019 2039 ούπω
1038 1969 1133 2055 ἦλθεν

116 2073 132 2136 6
155 2073 290 2158 Χριστός.
335 2075 363 2136 εἰ
384 2075 483 2155 έχουσι
509 2075 560 2137 τόν
588 2074 620 2136 ἐκ
646 2073 752 2156 γένους
772 2070 870 2136 Ἰούδα
896 2072 947 2135 καί
969 2073 1068 2135 Δαυλδ
1090 2075 1132 2147 είς

115 2171 272 2254 ύρχο-ντας,
295 2169 378 2234 ούπω
407 2165 501 2252 ἦλθεν
524 2171 540 2235 6
563 2172 823 2254 προσδοκώμενος,
846 2170 863 2234 6
885 2171 1036 2250 δεσμεύων
1058 2170 1132 2253 πρὸς

114 2267 247 2348 ἀμπελον
274 2268 325 2331 τδν
352 2275 452 2330 πῶλον
480 2269 572 2330 αύτού
604 2269 679 2330 κατά
705 2269 758 2331 τὸν
784 2269 943 2351 προφήτην
970 2269 1129 2351 Ζαχαρίαν.
1144 2291 1171 2332 εο

115 2366 309 2428 ἐκλειπόντων
340 2368 442 2428 τοίνυν
474 2377 534 2428 τῶν
564 2366 595 2441 ἐξ
624 2363 723 2428 Ἰούδα
754 2363 771 2427 6
803 2365 969 2445 ἀλλόφυλος
992 2361 1132 2448 Ἡρώδης

115 2465 271 2544 βασιλεύει.
317 2462 392 2545 λέγει
423 2464 479 2548 γάρ
511 2464 561 2526 καί
589 2462 605 2526 6
631 2464 915 2547 προσδιαλεγόμενος
946 2462 1067 2545 ἀγγελος
1095 2471 1134 2548 τῳ

115 2562 244 2641 Δανιήλ·
272 2561 322 2624 καί
353 2563 453 2647 γνύση
481 2562 532 2625 καί
562 2563 695 2646 συνήση,
727 2560 786 2624 ἀπὸ
816 2561 921 2636 ἐξόδου
951 2561 1047 2644 λόγων
1078 2571 1132 2623 τού

188 2757 283 2804 8-12
308 2751 472 2806 Theodoret.
496 2753 532 2806 ib.
561 2752 657 2822 Migne
681 2756 748 2806 1481
760 2752 792 2805 A.
825 2783 860 2791 —
893 2757 1007 2805 13-20
1031 2749 1127 2819 cyrill.

115 2822 252 2876 Hierosol.
272 2821 384 2878 catech.
404 2823 468 2891 XII,
487 2828 520 2877 17
546 2823 642 2894 Migno
661 2823 739 2878 Tom.
758 2828 806 2890 ³3,
826 2828 876 2876 ‘145
886 2823 919 2876 A.
944 2853 978 2862 —
1007 2827 1041 2876 14
1060 2821 1129 2876 Gen.

116 2897 164 2960 ιο,
184 2899 225 2948 10.
249 2925 284 2935 -
313 2893 1129 2962 19Gen.49,11.-2ozach.9‚9.-21—p.206‚

118 2971 150 3018 13
171 2964 265 3034 cyrill.
280 2965 339 3033 ΧΠ,
352 2971 385 3018 19
403 2965 500 3034 Migne
515 2970 566 3020 ’148
576 2966 606 3022 Β.
627 2998 661 3005 —
681 2971 715 3020 23
735 2965 805 3019 Dan.
821 2972 846 3031 9,
861 2971 903 3019 25.

189 3142 489 3210 1έξολοθρευθήσεται
507 3141 591 3213 (ἐξωλ.
611 3144 644 3212 Β)
656 3141 861 3196 BHMTheod.
880 3173 913 3181 -
936 3141 987 3211 τὴν
1001 3157 1051 3195 om.
1072 3138 1128 3194 GL.

115 3247 151 3254 -
171 3220 186 3268 5
205 3214 255 3277 τάς
274 3213 298 3279 ζ’
311 3215 515 3279 πλασιαζούσας
533 3212 553 3269 O
571 3213 621 3276 τδις
635 3213 705 3268 έπτόι
723 3211 760 3285 (ζ’
775 3213 812 3282 Η)
830 3211 1034 3282 πλησιαζούσας
1051 3212 1130 3265 BFN

115 3284 197 3354 (ἑπτὰ
210 3286 503 3351 πολλαπλασιαζούσας
516 3284 639 3355 Τίεοοδ.)Ι
656 3317 690 3325 -
709 3289 725 3337 6
744 3283 815 3357 ἀπὸ]
829 3284 874 3339 ἐπὶ
888 3283 949 3337 BR.
966 3315 999 3323 —-
1019 3288 1034 3336 7
1053 3293 1130 3352 πρῶ-

114 3377 165 3410 τον
185 3355 239 3410 OF.
256 3387 290 3396 —-
309 3355 467 3425 εδρήσωμεν
483 3355 591 3410 AGLN.
611 3387 645 3396 —-
666 3362 699 3409 10
718 3355 800 3426 ἀγιον
819 3352 984 3423 διαφθείρει
1002 3355 1027 3408 Α
1045 3354 1129 3425 ἀγιον

115 3431 276 3496 διαφθαρεῑ
288 3428 371 3480 FHM
389 3426 512 3498 ἀγίασμα
529 3431 633 3497 φθερεῖ
645 3427 678 3481 D.
693 3459 727 3468 —
748 3432 781 3480 15
796 3424 811 3482 6
825 3425 957 3480 BOFLR.
973 3457 1007 3466 -
1027 3430 1060 3480 19
1079 3426 1129 3494 ἀρ-

115 3517 202 3572 χοντα
216 3499 335 3552 BHMR
353 3500 403 3568 (είς
421 3500 482 3571 ἀρχ.
497 3515 547 3554 om.
563 3497 643 3568 Cyn).
659 3529 694 3538 —
713 3504 745 3552 21
766 3496 936 3553 ἐκλιπόντων
950 3496 1023 3551 BFV
1040 3497 1129 3553 έκλοι-

114 3567 228 3624 πόντων
243 3569 280 3623 Μ.
298 3601 333 3609 -
352 3577 386 3624 23
405 3570 516 3638 συνήσει
530 3569 665 3622 AOMPV
683 3567 798 3641 συνοίση
814 3567 841 3622 Η
860 3568 953 3636 συνήσ.
972 3570 1129 3638 compendio

113 3658 166 3696 εον.
181 3641 214 3694 R.
233 3672 269 3681 -
288 3639 371 3711 λόγον
390 3641 439 3695 BV
461 3639 544 3712 λόγου
563 3640 596 3693 R.

171 3738 315 3789 Georgius
329 3739 488 3780 Monachus
503 3739 537 3779 εδ.
554 3738 582 3779 de
596 3739 664 3778 Boor.
688 3739 706 3778 L
917 3735 951 3782 20
