2617 3909
16 192 24 207 ⁴
141 196 192 249 XL
555 196 757 252 musmo

209 344 277 405 Duo
303 343 398 425 igitur
424 346 512 408 initio
527 346 610 409 ¹folia
636 346 758 424 deant,
786 349 893 425 quitus
919 352 1070 427 prsefstio
1087 369 1172 411 oon·

142 433 304 495 tinebetur.
348 434 510 498 Praetereo
530 435 597 501 loci
609 456 630 495 e
654 436 804 516 κατελύθη
826 458 856 515 p.
876 440 928 514 20,
944 441 987 499 20
1008 458 1104 517 usque
1126 442 1170 501 sd

142 520 268 603 ἐσόμενα
289 545 318 601 p.
339 526 448 599 28,16
473 531 504 588 et
527 518 707 609 stloclxtocv
729 525 983 607 ἕκασημηαᾶμενοι
1005 550 1035 605 p.
1055 531 1167 605 39524

142 632 237 690 usque
259 614 303 673 sd.
321 611 416 675 ἐκεῖνο
434 637 463 694 p.
484 619 535 695 49,
552 617 570 674 5
589 616 753 691 perierunt
791 615 929 677 Ceterum
943 618 1029 679 'liber
1049 618 1172 698 integer

144 706 191 762 est
212 703 270 762 nisi
291 705 374 779 'quod
395 705 462 765 folii
482 708 544 767 241
571 702 630 765 duo
651 724 754 767 versus
777 708 809 765 et
825 707 919 766 tn'nm
941 708 1075 767 maxims
1093 724 1170 785 pers

142 794 272 869 abrupto
291 794 343 853 est.
385 793 421 853 In
439 795 513 855 folio
533 801 550 856 1
571 794 651 855 infra
671 799 880 856 ornamentum
902 798 995 857 variis
1018 796 1170 858 colonibus

142 885 272 943 tinctum
291 882 383 942 rubra
404 885 561 963 inscriptio
583 885 683 947 exstet
699 883 852 967 Χρονικὸν
875 885 1024 964 σύντομον
1045 884 1079 947 ἐκ
1102 886 1172 947 δαι-

145 972 249 1053 φόρων
267 973 482 1055 χρονογράφων
493 980 529 1037 ’τε
551 975 602 1037 καὶ
620 971 757 1053 ἕξεγετῶν
777 967 849 1057 (sic)
868 972 1006 1056 ooltsyiv
1025 973 1077 1036 καλ
1094 992 1170 1036 συν-

143 1059 230 1123 τεθὲν
244 1060 304 1125 ὑπὸ
313 1064 465 1145 Γεωργίοα
476 1062 651 1146 ἁμαρτωλαῦ
663 1072 805 1146 μοναχοῦ.
830 1063 1016 1142 Scripturem
1030 1084 1067 1124 ex
1078 1068 1170 1142 parte

143 1153 320 1213 exstinctam
345 1154 494 1215 recentior
520 1172 626 1217 monus
654 1153 851 1215 instauravit..
890 1154 972 1213 Num
994 1174 1023 1231 p.
1047 1156 1168 1229 43,11

144 1242 364 1321 chronographi
386 1262 494 1302 nomen
517 1245 614 1307 denuo
636 1244 816 1321 inscriptum
840 1244 933 1303 fuerit
956 1263 1018 1304 non
1040 1246 1174 1320 constet,

144 1352 211 1393 cum
237 1333 320 1392 locus
351 1332 483 1407 perierit.
530 1334 594 1405 Quo
622 1332 745 1409 quidem
776 1334 842 1395 loco
869 1334 902 1391 in
924 1332 1074 1393 Vaticano
1103 1334 1173 1393 154

144 1423 277 1483 eiusdem
300 1421 404 1481 classis
428 1422 527 1483 codice
551 1424 634 1482 nulls
658 1423 816 1500 inscriptio
839 1424 948 1497 exstat,
969 1422 1072 1482 sedin
1089 1440 1170 1481 mer·

143 1511 212 1590 gine
239 1513 359 1581 tentum
389 1510 573 1589 sdscsiptum
601 1514 646 1573 est
674 1509 750 1590 Περὶ
775 1502 878 1589 Ἀδάμ,
921 1511 1031 1571 Postes
1059 1510 1172 1570 rubrse

144 1602 353 1678 inscriptiones
384 1602 417 1659 in
444 1604 527 1663 textu
555 1602 751 1661 inveniuntur
777 1620 805 1676 p.
831 1602 973 1675 251,10
998 1592 1085 1679 'Appi
1115 1608 1174 1679 τῆς.

144 1689 293 1770 βασιλείας
310 1683 463 1771 Ἱεροβοὰμ
488 1688 630 1770 βασιλέως
653 1690 811 1769 Σαμαρίας
838 1688 889 1750 καλ
915 1687 983 1771 περὶ
1009 1696 1063 1768 τῆς
1090 1688 1171 1749 διαι-

144 1777 250 1860 ρέσεως
271 1788 332 1839 τῶν
355 1777 425 1840 δέκα
448 1780 606 1861 σκήπτρων
629 1782 660 1839 et
682 1798 711 1854 p.
732 1781 811 1856 264,
834 1782 874 1840 17
895 1772 984 1858 Ἀρχὴ
1007 1787 1060 1857 τῆς
1082 1778 1174 1857 βασι-

144 1868 224 1941 λείας
245 1867 516 1950 Ναβουχοδονόσαρ
539 1867 682 1949 βασιλέως
705 1869 895 1948 Βαβυλῶνος.
937 1867 1017 1927 Ante
1039 1869 1169 1943 impera·

144 1963 244 2018 torum
257 1958 462 2018 Romanorum
480 1979 508 2035 p.
525 1961 600 2035 293,
615 1962 634 2019 9
659 1961 690 2019 et
708 1962 779 2017 ante
797 1959 1014 2035 imperatorum
1032 1958 1173 2028 christia·⁸

144 2068 251 2108 norum
269 2048 393 2107 initium
415 2067 443 2123 p.
465 2048 595 2124 481123
621 2047 722 2126 spatia
740 2051 859 2123 vacent,
881 2066 977 2123 neque
999 2048 1101 2105 temen
1124 2047 1169 2105 in-

145 2138 325 2214 scriptiones.
343 2138 474 2198 insertae
497 2140 576 2197 sunt.
622 2138 764 2197 iudicum
792 2140 823 2197 et
844 2155 951 2214 regum
973 2134 1171 2195 ludaicomm

144 2226 232 2286 initio
256 2245 332 2303 quse
351 2226 384 2288 in
404 2226 643 2303 Opreepositae
654 2230 725 2287 sunt
743 2226 952 2304 inscriptiones
975 2225 1067 2285 etiam
1087 2226 1121 2284 in
1138 2224 1174 2283 ‘Is

145 2318 276 2390 exstant,
303 2335 399 2391 neque
427 2319 528 2375 tamen
555 2318 587 2374 in
610 2319 726 2376 textum
747 2318 879 2377 insertae
905 2314 957 2375 sed
979 2314 1011 2372 in
1033 2313 1175 2392 margine

145 2406 313 2481 adscriptae
337 2407 413 2465 sunt.
451 2404 524 2465 inde
545 2424 564 2464 s
582 2426 610 2483 p.
631 2408 707 2482 489,
722 2409 762 2467 29
787 2408 859 2465 snte
881 2404 1001 2481 imperii
1024 2405 1170 2479 cuiusque

143 2495 268 2553 initium
290 2493 402 2571 singuli
419 2513 522 2555 sessus
544 2498 635 2555 vsoui
653 2497 732 2555 sunt.
773 2494 869 2555 Juxta
886 2494 993 2553 horum
1010 2493 1174 2568 plerosque·

145 2582 295 2643 veteribus
309 2586 424 2643 minore
438 2584 535 2643 forme
550 2585 661 2645 litteris
679 2582 754 2667 ἀρχὴ
773 2593 827 2664 τῆς
845 2581 995 2663 βασιλείας
1013 2589 1066 2641 τοῦ
1083 2580 1177 2641 δεῖσαι

145 2675 277 2731 notetur.
318 2670 408 2732 Μετὰ
431 2692 550 2750 quoque
572 2675 713 2734 vocabuli
736 2676 837 2750 prims.
859 2674 962 2732 littora
985 2690 1052 2731 cum
1074 2672 1169 2747 impe·

144 2764 259 2821 riorum
272 2762 368 2822 initiis
388 2762 473 2838 desit,
485 2765 630 2839 sequitur
643 2764 804 2823 librarium
818 2763 919 2839 spatis
932 2761 1101 2835 reliquisse,
1116 2758 1176 2819 ubi·

145 2851 356 2928 inscriptiones
378 2853 483 2928 postes
507 2852 673 2929 suppleret3
697 2872 774 2929 quse
798 2856 899 2912 autem
920 2849 1010 2909 rubro
1033 2849 1066 2907 in
1083 2850 1176 2910 textit

147 2942 315 3000 atramento
334 2940 472 3001 sufficere
487 2941 585 3002 voluit
605 2942 692 3020 nigro
711 2946 802 3002 entes
819 2944 853 3001 in
870 2941 1007 3018 margine
1025 2935 1175 3012 exhibuit..

144 3029 182 3088 ln
204 3030 260 3089 hac
284 3028 415 3090 chronici
437 3034 523 3107 parte
545 3034 665 3109 praeter
683 3032 812 3107 synodos
831 3032 946 3107 septem
964 3026 1177 3088 oecumenicas·

145 3138 214 3179 rsro
234 3122 497 3197 argumentumin
510 3121 651 3199 margine
671 3120 875 3181 adumbretur.
911 3120 947 3177 In
964 3117 1065 3193 priore
1082 3119 1171 3193 perte

145 3205 221 3289 ἀρχὴ
244 3211 363 3267 tentum
385 3207 580 3270 Judsioorum
602 3210 857 3287 patriarcham,
882 3208 1029 3281 indicum,
1055 3217 1173 3283 regum,

146 3297 252 3357 deinde
284 3318 389 3377 regum
415 3299 662 3376 Israeliticorum,
694 3300 935 3375 Assyriccorum‚
967 3294 1172 3379 Sysiscoruns,

146 3388 213 3446 tum
236 3388 451 3464 imperatorum
473 3389 677 3448 Romanorum
700 3389 888 3449 ethnicorum
910 3388 1047 3460 notetur,
1074 3402 1174 3460 neque

146 3479 248 3537 tamen
271 3480 370 3554 spatie
398 3479 430 3537 in
452 3480 542 3562 tem
563 3481 686 3554 meent,
714 3496 791 3554 quse
817 3474 1064 3555 inscriptionibus
1086 3492 1178 3534 comt

146 3567 297 3643 pleentur,
327 3587 423 3645 neque
450 3570 520 3627 novi
548 3585 649 3627 versus
677 3566 879 3643 incipiuntur,
916 3564 1058 3624 Numeris
1084 3581 1178 3621 num·
