2617 3909
548 236 737 288 nomon
1081 235 1145 300 251

465 397 509 478 [ι’.
544 398 633 482 Περὶ
654 395 818 481 Ἰοοάχας.]

202 523 291 586 Μετὰ
322 521 355 586 δὲ
382 518 463 604 Ἰηοῦ
500 524 687 606 ἐβασίλευσεν
719 519 836 606 Ἰαιάχας
871 526 938 600 υίὸς
974 525 1067 588 αύτού
1098 525 1148 587 καί

134 622 253 702 ἐποίησε
275 622 308 685 τὸ
331 621 466 704 πονηρὰν
483 621 612 688 ἐνώπιον
629 624 736 704 τυρίον
754 622 804 689 κοιλ
822 621 955 686 ἀπέθανε
973 624 1149 705 βασιλεύσας

134 720 164 783 ἔτ
208 717 255 794 ιζ’.

164 744 185 800 η
478 806 544 888 [ια’.
577 808 667 891 Περί
686 803 807 891 Ἰοιάς]
1175 832 1187 872 σ

201 933 290 995 Μετὰ
304 931 336 995 δέ
346 927 466 1014 Ἰωάχας
479 933 666 1015 ἐβασίλευσεν
676 929 760 1008 Ἰαιὰς
777 934 843 1009 υίὸς
859 934 952 997 αύτού
965 935 1016 997 καὶ
1029 936 1148 1017 ἐποίησε

134 1030 167 1092 τὸ
190 1031 325 1113 πονηρὸν
347 1031 475 1096 ἐνώπιον
493 1032 600 1114 κυρίου
618 1031 668 1095 καί
685 1031 818 1099 ἀπέθανε
836 1034 1010 1113 βασιλεύσας
1028 1033 1078 1114 ἔτη
1097 1032 1148 1095 ιδ’.

133 1122 183 1208 ἐφ’
215 1122 251 1191 ού
281 1123 445 1203 Ἐλισσαῖος
478 1128 641 1209 ἐτελεύτησε
673 1131 882 1212 προφητεύσας
913 1138 953 1216 τῷ
978 1127 1062 1206 Ἰαὰς
1093 1132 1149 1212 τήν

134 1225 281 1309 προτέραν
304 1227 354 1289 διὰ
376 1225 534 1308 συμβόλων
556 1226 630 1288 κατὰ
650 1229 760 1310 Σύραν
782 1229 872 1308 νίκην
894 1228 1054 1309 ἐπιτρέψας
1074 1229 1153 1313 αύτῷ

135 1323 185 1387 έπλ
206 1325 261 1406 τήν
283 1335 342 1407 γῆν
363 1327 497 1400 τοξεῦσαι
517 1326 662 1398 πεντάκις.
698 1323 749 1386 καί
766 1325 799 1387 τὸ
818 1324 872 1406 μέν
889 1312 988 1410 τρίτον
1005 1326 1149 1408 εύστύχαις
1163 1347 1189 1387 ιο

134 1422 271 1504 ἔρριψεν,
299 1423 330 1484 τὸ
359 1421 391 1485 δέ
418 1421 554 1505 τέταρτον
580 1420 749 1504 ήστύχησεν.
793 1423 845 1485 ιιαλ
871 1425 1051 1507 προφητεύει
1074 1425 1153 1510 αύτῷ

135 1519 190 1593 ἕως
217 1521 316 1604 τρίτης
342 1523 495 1602 συμβολῆς
521 1531 642 1602 νικῆσαι
668 1521 738 1595 τούς
760 1522 896 1605 ἣλρους,
922 1523 974 1597 τὰς
997 1521 1029 1584 δὲ
1052 1522 1150 1604 ἑτέρας

136 1615 313 1700 ἡττηθῆναι.
359 1619 389 1681 εί
412 1619 467 1701 γὰρ
495 1616 561 1701 ύηρι
587 1629 646 1681 τῶν
673 1618 758 1681 πέντε
780 1619 816 1681 τὰ
842 1619 913 1702 βέλη
940 1619 989 1683 ἐπί
1014 1614 1067 1701 τῆς
1094 1630 1150 1703 γῆς

135 1715 280 1799 εύστύχοος
302 1717 462 1798 έβεβλήνει,
484 1718 623 1790 πεντάκις
644 1714 684 1778 ὰν
705 1719 945 1800 παραταξάμενος
966 1718 1022 1799 τήν
1040 1719 1150 1798 Σύρων

135 1813 229 1896 ἀρχὴν
260 1814 423 1879 κατέλυσεν.
474 1815 554 1889 ὅστις
585 1813 759 1897 ὰξιάμαστος
789 1817 948 1899 προφήτης
978 1816 1150 1895 τελευτήσας
1164 1836 1189 1876 15

134 1912 185 1976 ιιαλ
207 1912 311 1993 ταφείς
334 1913 366 1976 έν
388 1935 428 2000 τφ
453 1913 597 1994 μνήματι,
620 1912 652 1974 ἐν
676 1912 755 1997 αύτῷ
774 1919 813 2000 τῷ
834 1914 964 1994 μνήματι
987 1915 1150 1993 μονύζοινοι

135 2011 311 2091 Μωαβιτῶν
333 2009 439 2094 νεαρὸν
461 2011 626 2090 θάψαντες,
649 2008 700 2071 καί
722 2015 784 2083 τοῖς
802 2007 914 2084 ὀστέοις
931 2011 1150 2093 τούμαιιαρίου

137 2109 296 2190 προφήτου
318 2108 482 2188 πλησιάσας
502 2106 617 2188 ἀνέστη.

439 2279 505 2368 [ιβ’.
537 2286 626 2369 Περὶ
643 2281 848 2368 Ἱεροβοάμ]
1166 2299 1205 2338 ιιι
1218 2297 1249 2336 ιι.

204 2412 292 2474 Μετὰ
324 2410 356 2474 δέ
380 2407 463 2487 Ἰοιὰς
494 2411 680 2490 ἐβασίλευσεν
701 2407 856 2493 Ἶεροβοὰμ
882 2411 948 2485 υίὰς
976 2409 1070 2472 αύτού
1101 2407 1191 2471 καίεο

135 2510 255 2590 ἐποίησε
277 2509 310 2572 τὰ
333 2508 468 2592 πονηρὸν
486 2509 614 2572 ἐνώπιον
632 2510 739 2592 κυρίου
757 2508 807 2571 καί
825 2507 959 2571 ἀπέθανε
977 2508 1151 2589 βασιλεύσας

136 2632 186 2689 πη
210 2610 266 2669 λδ.
447 2693 513 2779 [ιμ’.
547 2695 636 2778 Περί
656 2691 843 2777 Ἀζαρίαν]

203 2812 291 2874 Μετὰ
314 2811 347 2874 δέ
366 2805 518 2895 Ἱεροβοὰμ
540 2812 726 2894 ἐβασίλευσεν
745 2807 879 2894 Ἀζαρίας
902 2812 969 2885 υίὰς
990 2810 1084 2872 αύτού
1101 2808 1151 2870 καὶ

209 2982 225 3030 2
245 2977 290 3031 ἰού
304 2976 326 3030 L
344 2976 398 3046 ήού
416 2981 442 3031 et
459 2975 514 3045 ήού
532 2992 602 3030 reon.
618 2975 735 3042 quidam
762 2974 825 3029 λνού
838 2974 907 3028 ΗΜ.
923 3006 957 3038 -,-
972 2971 1077 3044 λιοάχας
1090 2970 1152 3024 ΗΜ

135 3047 246 3119 ίιυοίχαζ
257 3048 290 3102 R.
305 3079 341 3088 —
360 3053 377 3101 4
395 3046 439 3113 κζ’
453 3046 604 3101 ΑΒΟΕῚΝ
623 3046 648 3111 ζ’
664 3047 696 3100 R.
714 3079 747 3087 -
768 3052 784 3100 6
804 3045 910 3118 ἱωάχας
922 3045 985 3099 ΗΜ
1003 3043 1055 3098 ἰωά
1074 3063 1111 3096 αν
1128 3042 1151 3095 Ρ

135 3118 244 3191 ίυοίχιεζ
259 3119 292 3174 R.
311 3151 347 3160 -
366 3118 435 3181 ίωάς
451 3118 501 3172 BF
526 3117 594 3180 λοοᾶς
611 3117 681 3172 ΗΜ.
699 3149 735 3158 -
753 3122 771 3171 8
790 3117 858 3180 ίιοάς
871 3115 919 3170 OF
943 3115 1012 3176 λαιᾶς
1028 3065 1097 3167 ΗΜ.
1117 3145 1149 3153 -

137 3197 170 3245 12
191 3192 346 3314 συμβουλῆς
364 3189 473 3244 ΑΗΙιΜ
492 3191 531 3245 lit.
546 3206 614 3245 corr.
629 3191 662 3243 ι’νο
680 3189 709 3242 L.
730 3220 763 3229 -
784 3193 817 3242 14
836 3184 873 3242 ὰυ
892 3204 943 3243 ουτ.
960 3186 994 3241 N.
1013 3216 1049 3225 -
1068 3190 1101 3238 16
1121 3184 1151 3238 ἐν

134 3261 233 3337 τῷΒῦ
261 3261 344 3316 NRV
361 3282 399 3335 τῳ
414 3279 465 3317 om.
480 3261 509 3315 F.
525 3292 560 3300 -
578 3265 612 3314 20
628 3260 731 3322 ἰωᾶςΕ
751 3258 854 3322 λεοὰςΡ
873 3257 1016 3320 λοιᾶςΗΜ
1034 3257 1104 3310 λωᾶν
1118 3255 1151 3308 R.

208 3409 224 3458 θ
241 3403 380 3476 συμβόλου
392 3405 423 3458 Ρ.
434 3435 467 3443 -
484 3409 515 3458 11
531 3403 721 3472 προφητεύειν
733 3401 763 3455 P.
773 3432 809 3444 -
825 3406 858 3454 14
872 3398 1108 3468 παραταξάμενον
1121 3397 1151 3451 P.

134 3509 170 3518 -
191 3481 297 3530 15-18
317 3473 346 3540 ύς
364 3495 395 3546 με
412 3475 513 3531 θανὼν
532 3471 678 3544 μακαρίως
700 3473 748 3527 καί
770 3472 870 3542 ταφείς
891 3476 930 3546 τῷ
946 3471 1083 3540 ἑξηκοστῷ
1098 3469 1151 3524 ἔτει

134 3555 185 3618 τῆς
202 3551 329 3616 τελευτῆς
351 3548 439 3602 αύτού
462 3543 553 3616 μονύζ.
573 3547 728 3616 μυαβητῶν
751 3544 782 3600 έν
804 3547 843 3617 τῷ
861 3542 942 3616 τάφῳ
966 3544 1053 3598 αύτού
1076 3540 1152 3611 ww.

133 3639 200 3674 τινα
219 3620 268 3673 καὶ
285 3637 308 3672 τ.
329 3618 383 3673 ύστ.
402 3626 453 3672 τοῦ
471 3615 620 3687 προφήτου
640 3619 685 3670 πί.
706 3614 720 3669 ὁ
739 3615 839 3684 νεαρὰς
856 3614 960 3684 ἀνίστη
977 3614 1008 3669 P.
