2617 3909
549 209 737 260 XPONIKON
1086 206 1151 270 375

137 357 288 436 σαββάτου
311 355 456 434 ἐπίσημον
479 352 605 436 άγουσιν
627 347 814 435 οίῬωμαῖοι.
860 357 1009 436 σάββατον
1027 355 1083 437 γὰρ
1102 347 1151 436 ἧν,

135 443 215 537 ’ἐν-ᾧ
234 453 284 515 καί
305 454 453 534 προσευχὴ
477 451 526 513 καί
549 454 668 531 νηστεία
689 459 752 526 τοῖς
773 459 898 526 πιστοῖς.
945 453 1016 528 ἔθος
1038 453 1093 535 γὰρ
1113 446 1152 533 ἦν

137 553 171 614 τὸ
194 552 410 633 προσεύχεσθαι
432 550 487 630 την
510 550 668 629 ἐκκλησίαν
690 548 764 632 ύπέρ
788 560 847 612 τῶν
866 552 1052 612 διδασκάλων
1075 550 1152 633 ἀγω-

137 648 299 729 νιζομένων
317 647 338 729 ἢ
356 647 555 730 θλιβομένων,
574 646 615 722 ὡς
632 648 666 710 ἐν
684 655 747 721 ταῖς
765 649 886 730 πράξεσι
904 659 963 710 τῶν
980 647 1152 712 ἀποστόλων

136 747 294 830 γέγραπται
322 747 379 809 ὅτι
405 747 553 828 προσευχὴ
577 738 617 826 ἦν
639 746 759 826 ἐκτενής
781 745 921 828 γινομένη
945 746 1004 809 ὑπὸ
1027 757 1080 828 τῆς
1103 747 1151 809 ἐκ·
1179 768 1191 810 σ

135 847 258 925 κλησίοις
289 843 363 926 ύπλρ
395 855 447 907 τοῦ
475 843 600 926 Πέτρου.
650 843 691 916 ὡς
723 837 780 906 σύν
806 845 839 907 ἐν
866 845 963 931 ἐκείνη
992 854 1027 931 τῇ
1056 843 1151 930 ἡμέρη

136 953 189 1005 τοῦ
217 944 367 1024 σαββάτου
393 941 554 1024 γενομένης
581 951 633 1022 τῆς
657 946 788 1024 Χριστοῦ
815 945 903 1022 νίκης
926 943 975 1004 καί
997 954 1051 1023 τῆς
1073 945 1151 1006 πτώ-

43 1122 48 1128 ,
135 1059 209 1116 σεως
235 1051 288 1103 τοῦ
315 1041 499 1122 ἀντιχρίστου
526 1042 684 1121 Σίμωνος,
716 1040 764 1102 ἐπὶ
792 1047 933 1122 φανεροῖς
963 1042 1090 1122 σάββασι
1118 1043 1150 1104 τὸ

135 1140 329 1219 μνημόσυνον
360 1138 541 1212 ἐκτελοῦντες
563 1134 700 1219 Ῥωμαῖοι
732 1140 907 1219 νηστεύουσι
938 1139 987 1200 καί
1015 1140 1151 1214 συνάξεις

135 1237 265 1319 φαιδρὰς
283 1247 403 1299 ποιοῦσι
421 1236 502 1318 μέχρι
519 1246 578 1298 νῦν
596 1238 651 1317 τὴν
664 1238 831 1319 παράδοσιν
850 1237 966 1317 ἐκείνην
985 1238 1148 1316 φυλάττον·
1164 1259 1190 1299 10

133 1359 188 1408 τες.
229 1334 280 1396 καί
302 1335 358 1416 γάρ
380 1334 430 1395 καί
454 1333 538 1396 ύλλοιι
556 1333 633 1408 τινὲς
655 1335 789 1414 ἐκλησίαι
807 1336 938 1416 διάφορα
958 1336 1150 1417 παραφυλάτὲ

134 1451 237 1494 τουσιν
263 1433 321 1512 ἔθη
349 1432 452 1506 καθδος
479 1433 511 1494 οί
534 1432 586 1506 τὰς
613 1432 852 1512 ἐκκλησιαστικδις
875 1435 1003 1514 ίστορίοις
1026 1432 1149 1515 ἀνεγράὲ

134 1546 241 1608 ψαντο.
286 1530 367 1612 παρὰ
389 1531 528 1604 Σκύθαις
555 1528 609 1610 μὲν
636 1531 706 1613 γάρ,
735 1534 842 1612 φησίν,
870 1533 905 1592 αἱ
929 1531 1028 1604 πόλεις
1058 1541 1150 1592 πᾶσαι

134 1629 296 1691 ἐπίσκοπον
322 1629 439 1709 ἔχουσιν
466 1626 519 1689 ἕνα
545 1628 595 1690 καὶ
623 1629 731 1710 μόνον,
758 1629 839 1712 παρὰ
866 1629 898 1692 δὲ
925 1631 1072 1713 Κυπρίοις
1099 1627 1149 1690 καί

127 1723 242 1808 ’Ἄραψι
263 1725 313 1787 καὶ
336 1726 368 1788 ἐν
390 1733 454 1800 ταῖς
476 1727 590 1806 κώμαις
611 1725 686 1788 είσλν
709 1726 874 1809 ἐπίσκοποι,
900 1728 995 1812 ὥσπερ
1015 1720 1075 1789 ,ούν
1098 1715 1148 1788 καὶ
1164 1748 1189 1789 15

134 1824 214 1906 παρὰ
241 1831 303 1897 τοῖς
325 1824 358 1886 ἐν
383 1827 499 1909 Φρυγίη
521 1828 727 1899 Ναυατιοινοῖς
749 1825 798 1887 καί
822 1830 1052 1899 Μοντανισταῖς.
1098 1824 1149 1886 καὶ

133 1922 215 2003 παρὰ
237 1920 291 2002 μὲν
313 1932 348 2008 τῇ
366 1923 506 2007 ἐκκλησίᾳ
520 1916 631 2002 Ῥώμης
650 1922 723 1984 ἕπτδι
742 1923 834 2002 μόνον
853 1923 987 1985 διάκονοι
1004 1924 1148 2004 γίνονται,

132 2020 215 2101 παρὰ
246 2019 279 2082 δὲ
309 2031 382 2081 πᾶσι
410 2027 472 2094 τοῖς
499 2019 599 2092 ἀλλοις
629 2019 795 2102 ἀδιάφορος
827 2019 843 2082 δ
875 2021 987 2082 τούτων
1019 2019 1148 2100 ἀριθμός

131 2117 220 2179 ἐστιν.
265 2117 315 2178 καί
337 2118 371 2180 ἐν
390 2112 484 2202 Ῥώμη
510 2119 599 2178 πάλιν
622 2118 700 2191 ἅπαξ
724 2117 778 2197 μὲν
800 2128 853 2180 τοῦ
876 2119 1013 2180 ἐνιαυτοῦ
1036 2116 1148 2199 λέγεται

133 2217 165 2278 τὸ
193 2215 354 2294 ἀλληλούϊα
381 2215 413 2277 ἐν
440 2225 474 2300 τῇ
501 2217 603 2300 πρώτη
630 2225 684 2277 τοῦ
711 2217 808 2296 πάσχα
834 2213 942 2300 ἡμέρη,
971 2214 1021 2276 καὶ
1038 2214 1146 2288 ὀύδελς
1163 2240 1189 2279 το

133 2307 181 2374 ἐπ’
201 2313 355 2393 ἐκκλησίας
377 2315 509 2375 διδάσκει
531 2312 610 2394 ποτέ,
634 2310 700 2376 οὐδ’
722 2314 811 2388 αὐτὸς
834 2313 850 2376 δ
869 2313 1037 2394 ἐπίσκοπος,
1060 2315 1093 2377 ἐν
1110 2314 1146 2377 ’δὲ

130 2406 332 2496 Ἀλεξανδρείᾳ
359 2412 491 2473 διδάσκει
517 2410 571 2491 μὲν
599 2409 615 2473 δ
642 2411 801 2486 ἐπίσκοπος
824 2406 870 2474 ἐπ’
891 2411 1059 2493 ἐκκλησίας,
1087 2422 1146 2474 τῶν

133 2507 165 2570 δὲ
189 2508 365 2591 εὐαγγελίων
388 2507 672 2590 ἀναγινωσκομένων
695 2510 751 2572 οὐκ
773 2497 999 2572 ἀνίσταταιτοῦ
1022 2509 1147 2592 θρόνου.

132 2606 183 2668 καὶ
209 2607 264 2686 τὴν
291 2608 523 2689 τεσσαρακοστὴν
549 2617 609 2669 τῶν
632 2619 775 2688 νηστειῶν
798 2609 830 2669 οί
851 2605 904 2688 μὲν
926 2608 1093 2688 ἑβδομάδας
1116 2607 1148 2678 ς’

130 2706 328 2783 νηστεύουσιν
351 2703 391 2777 ὡς
414 2706 446 2766 οί
465 2705 498 2766 ἐν
520 2712 560 2790 τῷ
576 2699 724 2792 Ἰλλυρικῷ
744 2705 793 2767 καί
812 2705 916 2789 Λιβύη
936 2703 986 2766 καὶ
1005 2705 1145 2790 Αἰγύπτῳ
1161 2727 1187 2767 υσ

132 2801 183 2863 καί
201 2804 282 2886 πάση
301 2811 336 2887 τῇ
356 2802 438 2863 δύσει
456 2802 506 2863 καί
520 2805 715 2888 Παλαιστίνη,
739 2802 771 2865 ἐν
790 2801 821 2864 δέ
834 2803 1147 2864 Κωνσταντινουπύλει

132 2899 183 2961 καί
210 2898 292 2980 πέριξ
320 2898 385 2980 άχρι
411 2902 556 2980 Φοινίκης
582 2901 750 2982 ἑβδομάδας
778 2897 805 2974 ζ’
827 2901 1037 2981 νηστεύουσιν,
1064 2898 1146 2962 άλλοι

204 3073 296 3126 ὅΔοτ.
313 3078 354 3138 12,
369 3077 393 3126 ὁ.
409 3104 442 3113 -
461 3078 564 3142 13-μ,
580 3077 641 3140 376,
657 3077 672 3124 7
687 3074 721 3140 cf.
737 3071 842 3126 Sozom.
858 3070 930 3128 Hist.
946 3070 1086 3138 οοο1.’ν”Π,
1103 3053 1144 3124 19.

205 3237 219 3283 7
238 3240 288 3301 τῆς
300 3241 350 3286 τοῦ
364 3239 477 3303 χριστοῦ
491 3233 574 3286 BFV.
591 3265 624 3273 -
644 3238 659 3286 9
675 3232 854 3302 νηστεύοντες
868 3216 950 3286 CER.
967 3264 1000 3273 -
1019 3237 1051 3285 10
1062 3229 1145 3320 μέχρι

130 3311 183 3357 τοῦ
201 3311 253 3358 νῦν
272 3302 350 3357 AFL.
374 3335 409 3343 —
434 3309 465 3357 12
484 3305 582 3366 καθώς
601 3322 688 3373 φασιν
707 3303 735 3358 οἱ
757 3323 780 3357 τ.
799 3303 869 3359 ἐκκλ.
891 3303 940 3358 ὶστ.
959 3304 1144 3374 ἀναγραψάν-

131 3393 176 3436 τες
198 3374 229 3428 Β.
258 3406 293 3415 -
321 3373 522 3444 συντεθηκύτες
548 3376 640 3445 ἀνεγρ.
665 3375 686 3428 F
714 3373 934 3445 ἀναγράψαντες
956 3382 1144 3445 μαρτυροῦσιν

131 3447 202 3500 coni.
217 3445 329 3499 Muralt.
344 3476 380 3485 —
399 3452 432 3499 16
450 3447 633 3518 ναβατιανοῑς
649 3446 707 3501 BG.
722 3478 757 3486 —
777 3451 809 3500 17
829 3445 917 3516 μόνον
933 3446 1041 3500 BNPR
1062 3445 1144 3515 μόνοι

131 3514 266 3570 AOEFV.
281 3521 365 3570 -19
383 3518 434 3586 μὲν
448 3534 498 3572 om,
514 3515 594 3571 OFR.
609 3549 643 3558 —
661 3524 694 3572 23
713 3518 995 3589 ἀναγινωσκομένων]
1013 3519 1145 3573 διδασκο-

130 3587 223 3657 μένων
241 3588 276 3641 N.
297 3619 330 3628 -
350 3593 384 3642 25
403 3588 440 3650 ὡς
459 3586 485 3642 οἱ
505 3588 535 3643 ἐν
553 3588 632 3642 ANP
656 3590 686 3644 ἐν
704 3607 755 3645 om.
770 3588 830 3644 rell.
