2617 3909
167 232 231 296 100
479 231 666 282 ΓΕΩΡΙῚΟΤ
684 229 867 282 MONAXOT

167 382 205 462 δή
232 382 335 442 τοίνυν
362 377 433 441 οὐδέ
455 379 566 463 ῥᾳδίοις
592 376 614 458 ή
644 379 717 458 τάχα
743 371 810 439 οὐδ’
841 377 915 451 ὅλας
943 377 975 439 οί
998 376 1035 438 τὰ
1062 387 1190 438 τοιαῦτα

167 487 349 560 φρονοῦντες
375 481 524 549 παντελῶς
550 478 733 557 βελτιοῦνται
764 474 815 536 καὶ
841 476 1084 556 σωφρονίζονται.
1131 471 1185 552 ἐφ’

168 570 213 649 οίς
237 571 253 636 δ
277 574 413 655 βασιλεὺς
435 572 512 655 ι’ίγαν
533 571 688 646 ἐπαινέσας
710 571 803 634 αὑτὸν
824 571 875 634 καί
892 571 953 634 δπδ
970 573 1092 634 πάντων
1112 572 1190 634 ἰδὼν

165 671 383 754 θαυμασθέντα
408 677 529 744 πολλοῖς
556 671 665 753 δώροις
691 669 741 731 καί
774 670 910 752 μεγάλοις
939 669 1031 732 αὐτὸν
1059 670 1191 749 τιμήσας

140 771 215 834 εέπί
236 770 358 831 πάντων
381 768 432 830 καί
453 779 507 849 τής
534 768 725 841 διδασκαλίας
752 767 808 848 τήν
830 765 976 845 ὠφέλειαν
999 765 1195 849 ὁμολογήσας

167 867 238 948 μετδι
268 869 384 929 παίδων
415 865 466 928 καί
494 868 661 929 παιδισκῶν
688 865 863 928 ἐπανελθειλν
890 865 990 927 οίιαδε
1018 867 1190 930 σπεύδοντα

167 963 364 1048 προῦπεμψεν
394 964 700 1047 δπερεκπληττόμενος
730 964 786 1044 τήν
813 961 909 1044 δίκραν
940 964 1061 1025 σύνεσιν
1091 963 1189 1026 αὐτοῦ

167 1063 218 1125 καί
244 1065 357 1141 σοφίαν
382 1061 433 1123 καί
459 1061 632 1142 θεοσέβειαν
654 1061 698 1135 είς
720 1060 818 1122 πάντα
839 1060 875 1120 τὰ
897 1055 950 1122 ὑπ’
975 1061 1069 1122 αὐτοῦ
1092 1061 1187 1144 έρμη-

168 1160 322 1224 νευθέντα.
813 1209 818 1216 .

129 1273 155 1313 ιο
476 1245 550 1331 [ια’.
582 1241 868 1331 ΠερλἍβραάμ.]

235 1377 376 1436 Γίνονται
402 1365 458 1435 οὖν
480 1372 539 1434 ἀπὸ
568 1383 621 1434 τοῦ
645 1373 838 1454 διαμερισμοῦ
861 1381 913 1452 τής
938 1373 1105 1453 συγχύσεως
1128 1371 1187 1446 ἕως

169 1467 208 1534 οὗ
231 1466 325 1552 ήλθεν
344 1466 476 1553 Ἆβραδιμ
499 1471 531 1532 ἐκ
554 1470 788 1550 Μεσοποταμίας
809 1469 842 1532 ἐκ
862 1469 975 1544 πόλεως
992 1469 1118 1552 Χαρρὰν
1136 1471 1190 1532 καί

87 1583 157 1625 ⁷⁰11.
171 1580 225 1631 τοῦ
252 1571 338 1631 οἴκου
364 1577 418 1629 τοῦ
445 1568 555 1649 πατρὸς
581 1567 674 1629 αὐτοῦ
702 1567 775 1628 κατὰ
802 1566 935 1630 κέλευσεν
964 1573 1039 1629 θεοῦ
1062 1567 1105 1641 είς
1127 1578 1189 1650 γῆν

170 1667 306 1746 Χαναοίν,
329 1666 349 1745 ή
373 1665 432 1726 ἐστι
451 1667 646 1746 Παλαιστίνη,
669 1665 719 1744 ἐτη
742 1662 810 1745 χις’.
848 1663 959 1746 δπήργε
979 1661 1010 1727 δέ
1029 1665 1091 1727 τότε
1108 1666 1186 1728 ἐτῶν

131 1786 156 1827 ιι
171 1762 224 1826 σε’.
270 1764 429 1844 διατρίψας
456 1760 488 1824 δὲ
515 1763 557 1836 είς
584 1773 642 1845 γήν
665 1762 792 1824 Χαναὰν
819 1763 868 1843 ἔτη
897 1760 942 1824 κε’
965 1761 1101 1845 ἐγέννησε
1129 1764 1185 1826 τὸν

167 1857 266 1923 Ἰσαδικ
293 1859 342 1922 καί
371 1860 442 1940 μετὰ
468 1870 554 1922 τοῦτο
582 1861 683 1940 ἔζησεν
711 1861 760 1940 ἐτη
786 1857 836 1931 ος’
859 1859 909 1922 καί
937 1859 1070 1923 ἀπέθανε
1094 1861 1187 1941 ζήσας

171 1959 206 2020 τδι
237 1960 335 2021 πάντα
367 1957 416 2038 ἔτη
448 1955 518 2040 ροε’.
563 1955 597 2031 δς
619 1957 670 2019 καί
697 1969 750 2039 τῆς
778 1958 912 2040 εὐλογίας
940 1967 993 2020 τοῦ
1022 1961 1187 2022 θεσπεσίου

172 2056 356 2139 Μελχισεδέκ
378 2055 573 2136 δποστρέφοον
596 2055 628 2117 ἐκ
650 2065 703 2118 τοῦ
725 2055 856 2136 πολέμου
879 2057 1063 2136 κατηξίοιται.
1110 2057 1189 2138 φησὶ

170 2157 239 2239 γάρ·
263 2155 313 2217 καὶ
335 2153 518 2236 Μελχισεδέκ
540 2153 677 2234 βασιλεὺς
698 2154 805 2234 Σαλήμ
828 2153 982 2237 ἐξήνεγκεν
1004 2153 1112 2237 δίρτους
1135 2155 1188 2217 καί

131 2249 266 2316 εοοίνον.
311 2245 351 2333 ήν
378 2251 412 2314 δέ
438 2251 532 2334 ίερεδις
558 2261 612 2313 τοῦ
639 2257 715 2313 θεοῦ
737 2261 790 2313 τοῦ
813 2251 943 2330 δψίστου
966 2251 1016 2314 καί
1039 2253 1188 2334 ηὐλόγησε

171 2351 223 2413 τδν
245 2346 381 2432 Ἀβρααμ
411 2350 461 2411 καί
488 2345 583 2411 εἶπεν·
611 2348 808 2430 εὐλογημένος
829 2344 963 2430 Ἀβραὰμ
990 2355 1030 2428 τῷ
1058 2355 1120 2436 θεῷ
1149 2358 1191 2434 τῷ

171 2449 299 2534 δψίστρο,
322 2445 356 2521 δς
378 2447 471 2509 ἔκτισε
492 2447 545 2508 τὸν
567 2446 697 2528 οὐρανὸν
719 2445 770 2508 καὶ
792 2445 848 2525 τήν
867 2455 935 2530 γῆν,
958 2445 1008 2507 καί
1024 2446 1189 2529 εὐλογημέ-

171 2569 224 2618 νος
257 2545 273 2606 δ
304 2545 376 2618 θεὸς
402 2543 419 2606 δ
449 2546 589 2625 ὕψιστος,
621 2542 656 2618 δς
687 2542 838 2626 παρέδωκε
870 2544 940 2617 τοὺς
971 2544 1099 2628 ἐχθρούς
1132 2564 1190 2608 σου

172 2643 359 2724 ὑποχειρίους
386 2659 441 2704 σοι.
486 2641 537 2702 καί
566 2642 676 2704 ἔδωκεν
707 2642 785 2727 αὐτῷ
815 2642 943 2720 δεκάτην
965 2637 1101 2724 (Αβραδιμ
1128 2643 1190 2706 ἀπὸ

133 2734 301 2827 ιε’ποίυτων.
337 2738 404 2821 περί
426 2733 463 2801 οὗ
481 2737 498 2800 δ
517 2738 678 2813 ἀπόστολος
697 2739 768 2819 ἔφη·
789 2733 875 2812 οὗτος
892 2739 948 2822 γδιρ
967 2738 983 2801 δ
1003 2740 1189 2822 Μελχισεδὲκ

246 2918 350 2983 ιἰ-εε
363 2929 399 2995 ef.
409 2927 523 2983 Oedsen.
538 2929 591 2998 lp.
604 2934 647 2996 ιε,
659 2934 736 2998 εεςς.
749 2960 782 2970 -
799 2935 832 2983 14
847 2928 914 2984 Gen.
931 2935 973 2996 ιε,
983 2935 1008 2983 4.
1019 2961 1053 2969 -
1069 2935 1102 2984 16
1117 2930 1189 2986 Gen.

174 3006 217 3069 25,
228 3006 252 3054 7.
267 3031 302 3040 -
317 3003 421 3054 19-25
436 3000 503 3056 Gen.
515 3005 666 3070 14‚183qq.
680 3032 714 3040 -
729 3005 834 3080 λδ-μ.
847 3006 950 3070 101,15
964 3001 1048 3056 Hebr.
1065 3006 1090 3070 7,
1106 3007 1119 3054 1
1131 3019 1190 3072 sqq.

189 3183 190 3186 ¹
246 3166 262 3213 6
280 3156 437 3215 παιδίσκον
456 3159 596 3216 OFGMV.
620 3191 655 3200 —
679 3165 713 3213 20
733 3158 863 3230 εδλίγησε
884 3162 926 3231 (ιιι
944 3160 1030 3232 Sept.)
1050 3159 1100 3214 FN
1118 3169 1145 3217 et
1162 3161 1191 3216 V

174 3235 243 3286 m.2
260 3233 292 3286 ιἰι
310 3233 366 3288 λοοο
384 3233 500 3286 evanida
518 3232 575 3302 (sed
592 3229 728 3301 ηδλέγησε
745 3231 802 3302 W).
821 3264 855 3273 -
878 3238 913 3286 24
932 3249 982 3286 σου
1001 3231 1141 3287 ABCGV.

246 3396 263 3443 4
281 3392 330 3445 καί
346 3393 459 3453 πολλοῖς
476 3391 506 3444 Ρ.
530 3421 564 3432 --
587 3396 603 3444 7
622 3391 803 3462 προέπεμψεν
820 3391 850 3446 P.
871 3423 905 3435 -
923 3391 1016 3461 ἄκραν
1033 3409 1083 3450 om.
1102 3392 1135 3450 P.
1155 3425 1192 3434 —

176 3466 192 3513 8
212 3477 275 3529 σοφ.
289 3481 319 3516 τε
337 3463 387 3516 καί
403 3465 482 3516 θεοο.
501 3461 531 3516 P.
551 3493 585 3502 -
604 3463 644 3525 εἰς
662 3463 800 3518 πάντα-
811 3461 1019 3533 έρμηνενθέντα
1036 3480 1087 3519 σοι.
1102 3463 1132 3518 Ρ.
1154 3497 1191 3506 -

177 3537 211 3583 14
224 3531 339 3610 γαναοίμ
351 3533 382 3586 P.
397 3564 431 3573 -
445 3527 463 3600 ἧ
478 3533 534 3588 ἔστι
547 3533 714 3604 παλαιστίνη
729 3532 769 3591 δον
783 3535 852 3590 ἐτῶν
867 3533 911 3589 σε’
922 3535 967 3604 ἔτη
981 3535 1038 3605 με’
1057 3537 1118 3604 (om.
1134 3536 1191 3590 ὑπ-

176 3609 287 3683 ήρχεζες
298 3602 351 3673 ω’)
364 3603 397 3680 P.
409 3633 443 3645 --
458 3609 491 3656 16
505 3604 554 3658 καί
568 3611 631 3660 ante
644 3606 713 3676 μετὰ
727 3623 777 3662 om.
787 3607 817 3661 P.
829 3637 862 3646 -
878 3612 911 3660 22
926 3606 1072 3677 εδλογητδς
1085 3605 1190 3663 PGen.
