2617 3909
168 215 235 281 322
480 214 867 267 Γεκευιουκοκκεου

168 364 369 444 ποθούμενον.
415 362 465 425 καί
497 362 595 443 μέντοι
626 360 677 424 καὶ
708 363 765 445 πρὸ
793 363 900 424 τούτου
927 362 1017 424 πάλιν
1045 361 1190 436 ὡσαύτως

170 463 333 545 ἱστόρηται,
361 463 474 545 ὅτιπερ,
502 470 554 523 τού
579 463 686 543 κυρίου
713 458 866 541 τεχθέντος
893 459 925 522 έν
952 459 1092 540 Βηθλεὲμ
1120 457 1190 542 [τῆς

167 554 341 640 Ἰουδαίας],
365 557 381 620 6
408 569 466 621 τῶν
490 563 615 640 Περσῶν
642 559 779 638 βασιλεὺς
807 558 906 638 εύφυῆ
934 581 999 619 τινα
1027 559 1191 640 ζωγράφον

170 657 348 738 έξέπεμψεν,
375 654 408 731 δς
435 657 490 737 τὴν
517 666 571 718 τοῦ
598 655 751 738 τεχθέντος
773 655 823 718 καί
846 666 898 736 τῆς
920 657 1062 736 τεκούσης
1086 657 1191 719 εἰκόνα

144 756 341 838 τδιαγράφας
368 755 442 837 πρὸς
468 755 560 817 αύτδν
586 753 705 837 ἤγαγεν.
751 755 778 816 εἰ
800 752 831 815 δέ
854 754 891 816 ού
915 755 1011 815 πάντα
1034 753 1110 814 κατὰ
1133 755 1191 833 τὴν

171 852 361 934 εύαγγελικὴν
398 853 529 934 ἱστορίαν
564 851 796 935 ἀναγέγραπται,
833 852 870 914 ού
907 851 986 935 παρὰ
1017 862 1106 913 τοῦτο
1140 853 1192 913 καὶ

170 949 286 1012 άπιστα.
332 948 401 1012 οὐδὲ
432 949 487 1032 γὰρ
519 949 554 1010 τὰ
585 948 658 1011 άλλα
685 956 791 1030 σημεῖα
818 948 838 1010 δι
865 949 1002 1028 ἐποίησεν
1029 948 1047 1012 6
1071 945 1191 1028 Ἰησοῦς

171 1046 331 1128 άθετητέον
353 1049 446 1109 πολλά
468 1071 500 1130 γε
523 1047 604 1128 ὄντα,
628 1045 668 1121 ὡς
692 1046 765 1128 μηδὲ
786 1053 890 1130 χωρεῖν
908 1046 959 1108 τὸν
978 1049 1092 1127 κόσμον
1112 1043 1187 1108 καθ’

166 1149 204 1210 ἲν
236 1146 423 1229 γραφόμενα,
454 1145 557 1225 ἐπειδὴ
589 1146 646 1208 ούκ
673 1143 902 1227 ἀναγέγραπται,
930 1145 1025 1224 φησίν
1053 1144 1069 1208 6
1100 1145 1192 1228 μέγας

131 1270 159 1310 ιο
171 1244 375 1329 εύαγγελιστὴς
396 1240 545 1323 Ἰωάννης.

234 1339 269 1404 Ὁ
291 1336 346 1406 ούν
373 1340 505 1425 Τιβέριος
532 1351 665 1415 τοιοῦτος
697 1340 837 1425 ὑπάρχων
869 1339 986 1422 άριστος
1013 1341 1046 1402 έν
1073 1342 1191 1421 νεότητι

172 1441 223 1504 καί
250 1440 324 1523 πρὸς
354 1451 449 1522 γῆρας
479 1439 578 1502 έλθδεν
609 1439 707 1520 λόχοις
739 1439 916 1519 φιλοσόφοις
942 1439 993 1500 καί
1019 1441 1192 1523 ῥητορικοῖς
1291 1487 1292 1528 χ

76 1564 116 1604 ωε
129 1563 160 1604 τε
175 1538 225 1601 καί
247 1541 404 1620 βελτίστοις
425 1537 521 1620 ἔργοις
543 1548 644 1617 κομῶν
668 1535 684 1598 6
706 1538 865 1618 γεννάδας,
891 1537 1046 1616 αἰφνίδιον
1067 1538 1113 1611 εἰς
1136 1539 1191 1617 τὴν

172 1638 292 1718 χείρονα
322 1636 489 1718 μετεβλήθη
516 1637 653 1717 γνώμην,
686 1635 758 1697 ὥστε
786 1634 837 1696 καί
863 1641 1071 1718 παραφρονεῖν
1099 1634 1192 1697 αὐτὸν

133 1759 160 1800 ιε
173 1740 357 1813 νομισθῆναι
379 1732 430 1794 καί
451 1733 511 1797 ύπδ
535 1735 678 1813 δαίμονος
701 1732 877 1795 ἐλαύνεσθαι
899 1733 973 1815 πρὸς
995 1744 1096 1794 πᾶσαν
1120 1733 1192 1795 άνο-

174 1834 329 1915 σιουργίαν
348 1830 399 1893 καί
417 1834 594 1911 μιαιφονίαν
613 1854 642 1893 τε
661 1831 711 1892 καὶ
729 1831 947 1914 οίστρηλασίαν,
970 1829 1020 1892 καί
1038 1831 1076 1894 ού
1096 1832 1192 1910 μόνον

174 1931 207 1994 έν
230 1937 291 2006 τοῖς
312 1930 386 1992 κατὰ
409 1931 501 2009 φύσιν
524 1928 574 1991 καὶ
596 1928 677 2012 ιταρδι
695 1930 788 2007 φύσιν
809 1928 914 1992 ἑαυτὸν
932 1928 1096 2008 έβεβήλωσε
1116 1925 1189 1990 καθ’

174 2028 354 2112 ὑπερβολήν,
376 2027 449 2089 ἀλλὰ
470 2027 521 2088 καί
542 2027 575 2089 ἐν
597 2028 679 2111 πάση
703 2026 803 2111 άδικίμ
826 2025 876 2087 καί
896 2027 1059 2107 τυραννίδι.
1097 2029 1192 2100 ούτως

176 2119 232 2189 ούν
252 2127 307 2207 τὴν
326 2125 419 2210 ἀρχὴν
438 2126 592 2206 διοικήσας
609 2123 659 2186 καί
677 2124 708 2200 ἐξ
726 2124 930 2207 άγαθουργίας
949 2125 990 2202 εἰς
1008 2127 1193 2206 κακουργίαν

135 2250 163 2290 ω
176 2224 360 2306 κατενεχθεὶς
389 2227 503 2309 φοβερᾷ
525 2222 579 2304 μὲν
606 2221 749 2304 ὠμότητι,
772 2229 890 2307 μυσαρᾷ
912 2220 943 2284 δὲ
966 2223 1120 2306 πλεονεξίᾳ
1143 2221 1194 2284 καὶ

175 2323 367 2407 αἰσχρουργίᾳ
388 2320 580 2404 καταστρέφει
601 2322 653 2383 τὸν
676 2322 754 2401 βίον,
777 2318 870 2400 μηδὲν
893 2318 999 2399 ἕκτης
1022 2321 1193 2402 προλαβυύ-

177 2439 233 2502 σης
255 2422 477 2503 καλοκαγαθίας
494 2419 544 2481 καί
562 2419 706 2501 ἀριστείας
725 2415 902 2497 ὠφεληθείς,
920 2415 993 2478 άλλδι
1011 2415 1062 2477 καί
1080 2423 1195 2496 μᾶλλον

176 2517 236 2579 ύπδ
268 2519 388 2580 πάντων
420 2516 559 2597 μισηθείς
586 2515 626 2590 ὡς
653 2516 686 2578 έν
712 2514 784 2578 τέλει
811 2514 844 2576 τὸ
871 2524 931 2575 πᾶν
958 2514 1115 2596 ἐξυβρίσας
1142 2515 1194 2577 καί

179 2616 357 2697 διαφθείρας
379 2614 429 2676 καί
452 2616 495 2688 είς
517 2615 640 2676 αἰώνιον
663 2614 784 2676 κόλασιν
803 2613 873 2694 μετὰ
890 2623 949 2676 τῶν
968 2612 1079 2692 ὁμοίων
1098 2613 1195 2675 αὐτοῦ

138 2737 165 2778 ω
179 2712 294 2793 ἀσεβῶν
317 2710 495 2793 άπενεχθείς.
532 2712 602 2786 τοὺς
624 2712 680 2795 γὰρ
703 2712 889 2785 έκκλίνοντας
911 2712 953 2785 είς
975 2711 1027 2784 τὰς
1048 2727 1195 2794 στραγγα-

251 2881 265 2928 τ
285 2873 346 2928 Joh.
362 2879 405 2942 ει,
419 2880 461 2928 τε.
481 2905 515 2914 -
534 2880 568 2929 σε
587 2874 690 2929 Psalm.
707 2880 758 2929 ιιι
773 2878 855 2945 (125),
870 2880 893 2929 5.
994 2951 998 2958 Ι

251 3031 267 3079 2
287 3023 435 3093 λστόρειται
449 3026 498 3081 ΑΙ)
518 3026 668 3096 ἱστορεῖται
681 3027 718 3081 Μ.
734 3059 767 3067 -
786 3033 836 3095 τῆς
854 3023 984 3088 ίουδαίας
1001 3042 1051 3080 om.
1066 3023 1122 3078 NP
1131 3024 1196 3080 Nic.

179 3129 214 3138 —
233 3103 250 3151 4
268 3095 319 3164 τήν
336 3115 366 3151 τε
379 3105 429 3151 τοῦ
443 3098 487 3151 LP
496 3099 558 3153 Nic.
574 3131 607 3139 -
627 3104 643 3151 6
663 3097 811 3168 ἀγγελικὴν
827 3096 881 3151 AG.
897 3129 931 3138 —
951 3103 984 3151 18
1003 3105 1072 3150 πᾶσι
1087 3095 1142 3150 ΟΡ.
1158 3129 1195 3136 -

181 3173 214 3222 19
234 3164 424 3238 άγαθοεργίας
442 3168 545 3240 (-γείας
562 3170 595 3240 L)
613 3169 697 3224 BLR.
717 3201 750 3210 -
775 3166 1000 3240 κακουργείανΑ
1023 3165 1196 3238 κακοεργίαν

179 3256 250 3294 roeo.
265 3239 393 3309 plerique
415 3238 597 3312 κακοέργείαν
615 3242 645 3294 L.
666 3273 700 3281 -
719 3245 752 3293 25
772 3241 880 3305 ἀπάξαι
898 3239 932 3293 N.

253 3386 303 3434 λλ
332 3380 474 3451 ἱστόρηται
496 3381 627 3442 ὡσαύτως
648 3381 678 3434 Ρ.
704 3413 737 3421 -
761 3387 777 3434 6
803 3383 837 3436 ού
860 3382 971 3445 πάντας
994 3380 1100 3450 (πάντα
1118 3380 1195 3450 Nic.)

181 3449 260 3518 παρὰ
278 3450 307 3505 Ρ.
328 3482 360 3491 -
382 3458 396 3505 7
414 3452 499 3506 τᾶλλα
517 3452 547 3505 P.
567 3483 600 3491 —
624 3457 658 3503 22
678 3452 835 3521 ὠφεληθεὶς
854 3452 1039 3522 ἐναρξάμενος
1055 3452 1127 3506 πνεύ
1185 3472 1196 3506 ι

182 3522 231 3574 καὶ
253 3522 336 3590 σαρκί
353 3521 524 3588 ἐπιτελέσας,
546 3521 614 3575 ἀλλὰ
632 3521 662 3575 P.
687 3553 721 3561 -
745 3522 966 3579 κεκοπιάκασιν
989 3542 1115 3594 μεταχωρ
1135 3539 1196 3584 σας.

182 3592 248 3652 τοὺς
270 3591 323 3661 γὰρ
342 3590 519 3653 ἐκκλίνοντας
537 3593 603 3660 (τελλ.
620 3593 682 3660 om.)
700 3592 730 3646 P.
