2617 3909
169 217 246 267 LXII
573 217 775 267 PRAEFATIO

169 362 290 442 Georgii
317 364 449 425 fontibus
481 365 608 441 probare
636 365 780 425 sermonis
809 366 972 424 varietates
999 364 1189 426 eruditorum

169 456 200 514 et
216 454 409 514 librariorum
427 454 528 513 deberi
546 455 671 513 arbitrio
690 457 721 513 et
739 455 912 513 temeritati.
949 452 1074 515 Constat
1091 456 1189 531 igitur

168 562 204 603 ex
226 562 285 602 uno
308 544 362 603 hos
382 562 482 603 omnes
500 543 577 603 libro
597 544 759 620 archetypo
781 543 909 618 fluxisse,
931 544 1066 619 proxime
1084 547 1189 603 autem

169 632 207 693 ab
237 633 294 691 hoc
323 630 444 691 AODE
470 632 585 707 abesse,
612 632 763 692 BFGLR
770 634 797 691 V
821 632 1021 693 multifariam
1047 651 1111 693 esse
1140 652 1187 692 re

167 724 313 782 tractatos
341 723 371 780 et
404 722 513 781 auctos.
560 720 608 780 Ab
636 722 772 781 omnibus
801 721 849 781 bis
880 721 965 781 libris
996 724 1070 797 quia
1097 722 1187 800 longe

167 810 330 887 plurimum
353 810 503 887 discrepat
525 810 555 869 P
573 811 717 869 ultimum
738 812 818 869 hunc
840 810 1005 871 describere
1028 830 1187 889 aggressus

168 918 241 960 sum.
278 900 344 958 Iam
361 901 394 959 in
413 919 447 959 eo
467 902 512 961 est
535 902 570 958 ut
586 900 616 959 P
636 918 704 959 oum
726 900 888 976 archetypo
910 900 965 959 illo
988 901 1186 960 conferamus.

167 988 279 1065 Magna
293 992 394 1048 autem
407 1009 442 1048 ex
456 991 551 1066 parte,
564 1008 659 1064 usque
673 988 712 1048 ad
725 988 745 1047 J
746 990 841 1048 aliani
854 990 1044 1063 imperatoris
1057 992 1187 1049 mortem

168 1077 290 1152 seilicet,
312 1079 341 1137 P
361 1078 448 1138 fluxit
466 1098 482 1139 e
500 1079 578 1138 libro
600 1079 647 1137 illi
666 1096 812 1154 perquam
834 1079 939 1153 simili,
962 1077 1067 1138 eodem
1085 1081 1187 1138 omnia

168 1167 271 1227 ordine
298 1168 475 1245 procedunt,
504 1186 573 1227 raro
601 1187 678 1243 quae
704 1168 815 1243 reliqui
840 1166 912 1227 libri
939 1167 1079 1229 exhibent
1104 1168 1137 1227 in
1159 1169 1191 1227 P

168 1258 328 1335 augentur,
351 1276 420 1317 raro
439 1276 515 1334 quae
538 1260 570 1315 in
590 1259 629 1317 iis
647 1259 810 1317 narrantur
827 1256 860 1315 in
877 1256 907 1315 P
926 1257 1041 1323 desunt.
1077 1256 1186 1333 Neque

167 1348 268 1405 tamen
291 1348 323 1405 in
345 1347 401 1405 hac
423 1347 592 1405 differentia
620 1366 656 1404 ex
682 1349 748 1422 ipso
773 1346 828 1405 illo
852 1345 1014 1423 archetypo
1038 1348 1187 1425 originem

167 1435 273 1494 ducere
301 1437 336 1493 ut
362 1437 394 1493 in
421 1435 521 1494 LRV
545 1436 743 1495 demonstrari
769 1438 878 1510 potest.
924 1435 997 1494 Inde
1020 1454 1039 1494 a
1061 1434 1187 1495 Joviani

166 1524 292 1599 imperio
319 1526 418 1585 textus
446 1543 533 1601 saepe
560 1527 681 1583 tantum
709 1524 789 1583 inter
815 1544 846 1584 se
873 1524 1027 1599 differrmt,
1057 1544 1093 1583 ex
1120 1528 1186 1585 tarn

167 1612 291 1673 diversis
318 1612 451 1672 fontibus
483 1614 634 1673 fluxerunt
665 1616 789 1690 tamque
820 1613 971 1673 diversum
1001 1615 1186 1675 narrationis

167 1702 301 1761 ordinem
324 1701 475 1776 exhibent,
505 1704 540 1761 ut
567 1702 644 1763 alius
672 1722 708 1761 ex
731 1704 874 1762 alienon
901 1704 1035 1779 potuerit
1057 1705 1117 1763 nisi
1139 1724 1185 1763 re-

166 1791 324 1850 tractando
339 1792 419 1850 oriri.
453 1790 604 1853 Orationis
619 1810 737 1868 quoque
754 1792 926 1853 innumeras
939 1793 969 1851 P
982 1792 1074 1853 habet
1088 1795 1185 1853 varie-

165 1882 254 1953 tates,
272 1900 357 1955 quae‚
376 1899 444 1939 cum
458 1880 548 1941 codex
566 1880 618 1940 ille
637 1882 817 1957 archetypus
835 1882 884 1941 hic
902 1881 967 1941 illic
984 1884 1105 1941 tantum
1121 1902 1183 1943 me-

166 1970 255 2030 liores
273 1969 416 2045 praebeat
433 1970 575 2030 lectiones
595 1971 737 2046 qnamP,
760 1971 938 2046 plerumque
955 1974 1057 2031 tamen
1080 1990 1101 2030 a
1118 1972 1186 2031 fon-

165 2058 246 2119 tibus
261 2060 379 2137 longius
398 2059 486 2133 absit,
504 2061 671 2119 temeritati
687 2061 894 2119 retractatoris
907 2060 1064 2119 cuiusdam
1081 2061 1186 2121 deberi

165 2150 216 2207 vix
239 2149 389 2224 putandae
413 2152 491 2209 sunt.

233 2237 315 2307 Quae
337 2240 417 2296 inter
438 2239 467 2297 P
491 2239 522 2296 et
545 2240 658 2297 eeteros
688 2237 781 2296 libros
807 2238 974 2297 intercedat
996 2240 1185 2301 necessitudo

154 2326 197 2385 *id
215 2327 404 2403 potissimum
421 2330 501 2386 recte
516 2326 658 2386 diiudicet
676 2328 796 2403 oportet
813 2328 841 2385 si
859 2330 912 2402 qui
926 2326 1048 2405 Georgii
1065 2330 1185 2389 textum

164 2417 321 2475 restituere
353 2418 486 2475 animum
516 2416 642 2475 induxit.
694 2416 750 2476 ast
779 2418 880 2476 autem
910 2417 1123 2493 inquirendum
1150 2420 1184 2478 in

165 2523 265 2564 omnes
285 2502 406 2581 Georgii
424 2506 530 2579 fontes,
554 2524 673 2581 quoque
691 2505 780 2565 modo
798 2507 836 2565 iis
859 2506 911 2565 ille
929 2525 1001 2567 usus
1019 2508 1069 2582 sit,
1092 2526 1183 2583 quae·

165 2613 222 2669 que
254 2595 333 2653 inter
364 2612 413 2653 eos
446 2596 476 2653 et
508 2594 640 2655 diversos
668 2594 761 2655 libros
792 2595 979 2655 necessitudo
1006 2597 1182 2656 intercedat.

164 2683 209 2747 De
232 2684 278 2743 his
301 2683 390 2743 rebus
410 2684 469 2743 alio
491 2684 557 2744 loco
579 2684 675 2745 fusius
694 2684 847 2759 disseram,
868 2684 918 2745 hic
935 2687 1039 2760 paucis
1061 2687 1183 2747 tanturn

165 2791 241 2848 quae
264 2772 339 2833 mihi
361 2772 465 2831 videar
488 2775 661 2850 cognovisse
685 2792 838 2849 exponam.

230 2861 340 2937 Atqrre,
354 2860 463 2921 utiam
477 2880 568 2938 supra
582 2862 652 2937 dixi,
666 2862 720 2921 ubi
730 2862 867 2923 omnibus
880 2862 961 2923 idem
971 2866 1182 2942 argumentum

163 2952 248 3014 libris
271 2952 448 3025 continetur,
466 2953 653 3027 minoresque
676 2954 796 3011 tantum
813 2970 860 3012 res
883 2952 1034 3027 differunt,
1051 2956 1182 3013 maxime

52 3090 54 3095 .
162 3042 195 3099 in
223 3042 368 3116 excerptis
396 3059 431 3100 ex
460 3042 640 3116 scriptorum
663 3042 931 3101 ecclesiasticorum
958 3042 1105 3118 operibus,
1128 3043 1180 3101 ad-

162 3130 332 3189 mirandum
359 3130 391 3187 in
414 3129 535 3189 modum
558 3130 587 3188 P
610 3131 740 3189 fontium
765 3133 882 3190 textum
908 3132 1016 3191 melius
1039 3134 1182 3208 servavit,

163 3238 254 3294 quam
281 3219 372 3281 codex
402 3221 568 3279 ceterorum
596 3219 782 3294 archetypus.
833 3217 948 3280 Deinde
979 3220 1181 3281 animadverti

162 3310 290 3383 oportet,
309 3310 447 3384 excerpta
467 3308 709 3384 exscriptoribus
728 3309 934 3369 ecclesiasticis
952 3309 985 3367 in
997 3311 1028 3369 P
1041 3310 1181 3387 longiora

161 3396 312 3455 interdurn
335 3400 448 3457 servari
471 3417 562 3473 quam
585 3399 616 3455 in
638 3397 763 3472 reliquis
785 3398 880 3473 libris,
903 3418 998 3475 neque
1020 3399 1053 3457 id
1075 3403 1180 3476 paucis

161 3488 280 3545 tantum
300 3486 383 3561 locis,
407 3488 459 3547 sed
480 3488 530 3545 hic
551 3487 615 3545 illic
637 3506 691 3562 per
713 3488 884 3547 universum
906 3489 1073 3548 chronicon.
1115 3488 1180 3549 Aut

161 3575 256 3652 igitur
279 3574 356 3635 libro
379 3576 409 3635 P
428 3592 498 3635 usus
523 3576 706 3651 reliquorum
730 3577 909 3652 archetypus
936 3580 1053 3637 textum
1073 3578 1180 3637 multis
