2617 3909
515 215 707 267 Χεοαιποα
1052 212 1114 276 187

94 387 160 444 μου
182 359 329 442 ήτοίμασα
350 361 393 434 είς
416 356 499 423 οίκον
521 362 627 442 κυρίου
649 362 773 443 χρυσίου
791 361 918 422 τάλαντα
934 361 1066 442 χιλιάδας
1084 357 1116 443 ρ’

92 460 149 523 καί
167 459 313 543 ἀργυρίου
332 459 458 521 ιοίλαντα
471 460 565 540 χιλίας
578 459 711 540 χιλιάδας
728 457 779 519 καλ
796 458 905 539 χαλκὸν
922 458 973 520 καλ
992 460 1116 542 σίδηρον

92 553 135 622 ού
155 556 212 620 ούκ
225 557 304 619 ἐστιν
317 555 455 640 ἀριθμός.
492 556 542 618 καί
554 555 629 639 πρὸς
646 566 739 618 ταῦτα
752 556 883 636 πρόσθες
897 556 938 630 είς
953 556 1116 636 οἰκοδομήν

84 665 175 718 ναοῦ
197 656 313 737 κυρίου.
349 655 382 717 τὸ
405 652 437 715 δὲ
460 655 603 716 τάλαντον
625 653 682 734 ἔχει
705 655 803 734 λίτρας
826 651 898 737 ’ρκε’.
943 653 995 716 καλ
1016 655 1116 717 Δαυλδ

92 754 266 836 πρεσβύτης
295 752 345 814 καί
373 752 489 834 πλήρης
515 750 642 834 ήμερῦν.
688 751 738 813 καί
765 752 940 833 βασιλεύσας
967 754 1019 816 τὸν
1046 752 1115 814 υίδν
1142 771 1157 813 ε

93 850 192 914 αύτοῦ
215 856 397 929 Σολομῦντα
414 851 503 911 πάλιν
521 844 585 911 εἷπε
605 849 681 932 πρὸς
700 848 792 912 αὐτὸν
811 849 939 912 ἐνώπιον
957 859 1009 912 τοῦ
1028 857 1113 913 λαοῦ·

94 948 167 1010 ἰδοῦ
190 945 337 1028 ήιοίμασα
358 948 400 1022 είς
424 942 508 1009 οίκον
530 954 605 1009 θεοῦ
628 970 688 1028 μου
710 949 842 1029 χρυσίον,
865 946 1024 1030 ἀργύριον,
1046 954 1115 1029 χαλ-

92 1046 164 1126 κόν,
187 1046 311 1128 σίδηρον
331 1045 382 1107 καί
402 1046 509 1119 λίθους
526 1050 694 1120 πολυτελεῖς
712 1044 762 1106 καί
779 1047 932 1120 ποικίλους
950 1045 1001 1106 καλ
1018 1046 1115 1108 πάντα

93 1145 188 1206 λίθον
210 1145 323 1224 τίμιον,
346 1142 397 1204 καλ
419 1143 494 1225 πρὸς
516 1143 632 1217 τούτοις
655 1142 770 1205 δέδωκα
792 1142 874 1216 ἐκτὸς
902 1134 944 1203 ὧν
969 1140 1115 1222 ήτοίμασα

93 1243 140 1316 εἰς
164 1240 215 1302 τὸν
239 1235 323 1303 οίκον
346 1252 405 1304 τῶν
428 1240 522 1323 ἁγίων
548 1241 675 1302 τάλαντα
698 1241 839 1323 τρισχίλια
861 1241 984 1322 χρυσίου
1006 1249 1059 1301 τοῦ
1082 1240 1115 1302 ἐκ
1130 1261 1156 1300 ιο

94 1339 229 1419 Σουφήρ
260 1338 310 1400 καί
342 1339 541 1420 ἑπτακισχίλια
571 1339 697 1399 τοίλαντα
725 1337 868 1420 ἀργυρίου
896 1338 1022 1416 δοκίμου
1049 1337 1115 1412 ἐξα-

93 1441 262 1516 λειφθῆναι
284 1436 317 1498 ἔν
340 1435 533 1510 αὐτοῖς-τοῦς
555 1436 672 1515 τοίχους
694 1444 747 1497 τοῦ
771 1437 861 1516 ἱεροῦ.
902 1436 934 1496 σί
954 1432 986 1500 δὲ
1009 1432 1115 1517 ίίρχον-

93 1557 143 1606 τες
166 1543 225 1595 τῶν
248 1535 324 1596 υίῦν
344 1530 460 1617 Ἰσραήλ
482 1534 598 1595 ἔδωκαν
620 1533 663 1606 εἰς
684 1531 721 1592 τὰ
743 1531 813 1613 ἔργα
831 1532 918 1594 οἴκου
936 1533 1043 1614 κυρίου
1061 1540 1115 1592 τοῦ

94 1638 175 1694 θεοῦ
197 1633 320 1713 χρυσίου
343 1632 470 1693 τάλαντα
490 1631 687 1712 ἑπτακισχίλια
710 1628 760 1690 καλ
778 1627 921 1712 ἀργύριον
939 1628 989 1690 καλ
1008 1631 1115 1703 λίθους

94 1730 214 1808 τιμίους
245 1728 296 1790 καλ
326 1728 434 1809 χαλκὸν
466 1727 597 1810 ίίπειρον.
642 1727 693 1789 καλ
724 1727 888 1810 εὐλογήσας
917 1727 969 1788 τὸν
997 1725 1070 1790 λαὸν
1097 1724 1155 1788 διε

93 1825 197 1889 Δαυλδ
218 1825 269 1887 καλ
291 1825 464 1899 ἀποστείλας
485 1820 567 1887 εἶπεν
590 1819 683 1899 αὖθις
705 1831 745 1909 τῷ
765 1826 820 1910 υἱῷ
845 1825 950 1886 αὐτοῦ·
974 1823 1024 1885 καλ
1047 1833 1114 1903 νῦν,

95 1924 259 2004 Σολομοίν,
286 1929 385 2004 γνῶθι
412 1923 464 1984 τὸν
490 1924 565 1986 θεὸν
591 1933 651 1984 τῶν
679 1921 813 2005 πατέρων
841 1941 896 1984 σου
919 1921 969 1984 καλ
993 1923 1114 1983 δούλευε

93 2022 178 2106 αύτῷ
211 2021 244 2083 ἐν
275 2021 382 2106 καρδία
413 2023 505 2105 τελεία
537 2020 586 2082 καλ
617 2029 702 2104 ψυχή
735 2019 883 2104 θελούση,
915 2019 960 2080 ὅτι
991 2019 1115 2099 καρδίας

95 2120 197 2192 παίσας
233 2118 324 2192 ἕτοίζει
359 2119 461 2201 κύριος
497 2117 547 2179 καλ
583 2128 644 2179 πῦν
678 2117 839 2197 ἐνθύμημα
870 2116 1015 2197 γινώσκει.
1065 2113 1113 2174 καί

95 2217 153 2280 ἐὰν
194 2216 321 2301 ζητήσης
361 2216 468 2296 αύτόν,
508 2214 703 2298 εύρεθήσεταί
741 2232 803 2294 σοι,
844 2213 894 2275 καί
930 2211 983 2274 ἐὰν
1025 2234 1114 2272 κατα-
1128 2233 1156 2273 ευ

94 2317 205 2399 λείψης
232 2315 337 2395 αύτόν,
365 2314 535 2391 καταλείψει
562 2331 594 2374 σε
621 2313 663 2385 είς
690 2310 779 2384 τέλος.
824 2310 875 2372 καλ
903 2309 992 2372 ἔδακε
1016 2308 1115 2371 Δαυλδ

94 2411 244 2491 Σολομδκν
271 2418 311 2496 τῷ
339 2413 395 2496 υίῷ
424 2411 517 2473 αύτοῦ
540 2411 577 2473 τὸ
604 2410 791 2498 παροίδειγμα
818 2417 871 2470 τοῦ
901 2416 977 2469 ναοῦ
1004 2407 1115 2480 παντὸς

93 2509 149 2572 καλ
169 2519 233 2571 τῶν
260 2509 401 2592 χερουβλμ
428 2519 488 2570 τῶν
515 2505 792 2586 διαπεπετασμίνων
823 2512 888 2579 ταῖς
918 2503 1038 2588 πτέρυξι
1065 2503 1115 2566 καλ

93 2607 277 2682 σκιαζύνιοιν
309 2607 358 2669 ἐπί
388 2617 441 2688 τῆς
470 2609 598 2687 κιβωτοῦ
627 2604 778 2683 διαθήκης
805 2605 926 2686 κυρίου,
958 2603 1055 2664 ποίντα
1082 2601 1115 2664 ἐν

170 2794 187 2841 4
201 2786 578 2855 1.ch10n.23,1.-0-151.
590 2781 1114 2853 Chron.29,3sqq.—16-211.Ghron.

97 2866 142 2927 28,
158 2865 236 2930 9aqq.
256 2891 293 2900 —
311 2864 413 2928 21-12.
429 2863 520 2926 188‚2
539 2857 559 2911 I.
575 2855 675 2910 Chron.
691 2861 734 2924 28,
751 2861 797 2923 113
814 2860 846 2909 18
856 2872 910 2925 sqq.

171 3024 188 3074 ὃ
206 3017 391 3090 πρεσβύτερος
404 3017 457 3070 PL.
472 3049 506 3057 -
527 3023 541 3070 ’ί
556 3024 606 3071 τοῦ
620 3020 692 3072 θεοῦ
707 3035 761 3084 μου
775 3015 801 3068 R
818 3012 918 3082 κυρίου
931 3017 1005 3068 θεοῦ
1020 3031 1074 3081 μου
1088 3011 1115 3064 N

96 3087 199 3159 κυρίου
217 3099 267 3144 τοῦ
286 3093 358 3144 θεοῦ
376 3108 430 3159 μου
444 3088 467 3141 Β
485 3085 584 3156 κυρίου
598 3088 671 3157 (ress.
686 3087 748 3154 om.)
763 3085 794 3140 G.
810 3117 845 3125 —
864 3085 912 3139 καλ
928 3083 1064 3155 ἀργύριον
1079 3081 1114 3135 N.

104 3195 134 3204 -
157 3166 174 3215 8
193 3162 242 3215 καλ
260 3159 354 3214 ποίντα
371 3158 456 3214 λίθον
473 3156 566 3228 τίμιον
589 3159 638 3212 καλ
659 3155 759 3218 λίθους
776 3159 934 3219 πολυτελεῖς
956 3154 1005 3208 καί
1022 3149 1115 3207 ποικί-

96 3238 164 3295 λους
178 3231 234 3287 CF.
250 3264 284 3272 -
305 3237 338 3286 10
355 3232 405 3287 τὸν
419 3231 502 3299 ἅγιον
516 3229 643 3285 GFGLV
660 3237 710 3283 τοῦ
725 3225 807 3298 ἁγίου
822 3227 854 3279 R.
871 3259 904 3266 —
920 3232 952 3279 11
968 3223 1115 3293 σοῦφὴρΡ

96 3304 217 3374 σουφελρ
231 3302 322 3357 BGR.
334 3335 367 3343 -
383 3308 416 3356 13
430 3310 480 3356 τοῦ
495 3300 575 3356 οἴκου
589 3301 643 3354 PR.
659 3332 694 3341 -
710 3304 743 3353 18
758 3297 844 3352 αὐτὸν
859 3295 943 3351 GLV.
955 3328 988 3336 —
1001 3301 1037 3349 23
1053 3298 1115 3350 δια-

97 3377 279 3445 πετασμένων
298 3373 379 3429 GPR.
399 3405 433 3414 —
453 3378 487 3427 24
504 3380 555 3440 τῆς
573 3371 715 3442 διαθήκης
734 3369 793 3424 ΟΝ.

173 3524 188 3572 1
207 3514 324 3588 χρυσίου
341 3514 485 3570 ταλάντων
503 3515 533 3569 P.
553 3546 588 3555 -
607 3520 622 3566 λ
642 3514 704 3584 ἀργ.
719 3510 842 3567 τοίλαντα
860 3508 989 3581 χιλιάδας
1007 3507 1068 3577 ρκε’
1083 3507 1114 3562 Ρ.

104 3623 134 3632 -
156 3595 189 3644 13
207 3585 308 3657 κυρίου
325 3587 358 3641 in
375 3587 397 3639 P
415 3604 450 3641 m.
465 3591 481 3640 1
499 3603 554 3655 εχιτ.
568 3602 635 3640 vers.
