2617 3909
446 228 450 237 '
535 227 744 285 *nomon
1089 228 1153 295 103

139 378 201 460 βήν
233 375 283 438 καλ
313 377 387 439 κατὰ
417 379 583 457 συνύφειαν
610 377 813 461 ὀνομασθεῖσα
840 373 1022 462 φερωνύμως
1045 374 1153 461 Ἰερου-

137 478 252 556 σαλήμ,
276 486 319 556 ινή
342 475 397 556 μὲν
415 477 469 539 -θιόι
491 479 547 558 τήν
560 480 737 562 ’ἱερουργίαν
760 488 813 540 τοῦ
837 475 1028 559 Μελχισεδέκ,
1054 487 1097 557 πή
1120 476 1153 539 δὲ

140 574 193 636 διὰ
214 576 270 655 τήν
291 584 345 636 τοῦ
368 576 449 657 ἱεροῦ
471 587 547 638 ναοῦ
569 575 754 655 κατασκευήν
776 577 879 656 εἴληφε
900 575 955 655 τήν
973 576 1153 657 προσθήκην

136 683 201 734 τῶν
223 674 377 753 συλλαβῶν
398 674 529 754 ὕστερον.
1167 685 1193 725 ²²
1206 684 1239 725 1-

208 770 285 852 Περί
306 764 344 832 ού
367 769 466 850 μέντοι
487 771 538 833 καλ
560 773 689 855 Μάρκος
708 771 724 835 ὁ
742 777 827 845 θεῖος
841 771 894 842 Ικαλ
912 781 965 834 τού
983 773 1152 852 Χρυσοστό-
1180 790 1192 831 ε

139 891 201 949 μου
224 869 367 949 φοιτητής
389 868 462 948 ἔφη’
485 869 587 951 ἐπειδή
609 870 666 952 γὰρ
688 870 721 932 ἐν
743 879 778 954 τή
802 871 971 955 γενεαλογίμ
989 870 1046 932 οὐκ
1063 869 1153 949 ἐμφέ-

137 988 221 1049 ρεται
243 968 323 1039 τίνος
344 967 455 1048 πατρὸς
477 963 608 1047 ήποίας
630 968 740 1052 μητρός
763 967 841 1030 ἐστιν
864 965 972 1048 ήπότε
990 967 1152 1049 ἀπέθανεν,

138 1064 193 1126 διὰ
214 1074 300 1126 τοῦτο
324 1064 395 1143 μήτε
418 1063 512 1145 ἀρχήν
533 1063 652 1147 ήμερῶν
676 1067 747 1146 μήτε
775 1069 851 1145 ζωής
873 1065 953 1140 τέλος
975 1067 1050 1148 ἔχειν
1072 1068 1152 1149 εἴρη-

136 1178 196 1224 ται.
233 1161 270 1224 ού
292 1161 348 1243 γὰρ
370 1160 503 1241 ήδύνατο
524 1168 779 1245 γενεαλογηθήναι
801 1163 834 1225 ἐκ
856 1173 915 1225 τῶν
932 1163 1152 1246 παραλειφθέν-

136 1276 201 1321 ’των
215 1259 324 1321 ἐθνῶν
349 1260 562 1342 καταγόμενος,
589 1261 693 1335 καθὼς
715 1261 748 1323 ἐκ
770 1271 822 1341 τῆς
845 1263 994 1335 κατοικίας
1017 1261 1109 1324 αὐτόν
1131 1259 1193 1342 ήιο

135 1357 242 1440 γραφή
265 1357 480 1440 παρεδήλωσεν.
512 1358 578 1441 περὶ
600 1353 637 1422 ού
660 1359 710 1421 καλ
733 1356 749 1421 ὁ
768 1354 930 1433 ἀπόστολος
947 1353 1042 1422 εἶπεν·
1065 1353 1152 1434 ούτος

137 1455 197 1537 γὰρ
232 1452 249 1516 ό
283 1453 466 1536 Μελχισεδέκ
501 1467 619 1538 πρῶτον
656 1456 710 1537 μὲν
746 1456 979 1538 ἑρμηνευόμενος
1015 1458 1152 1538 βασιλεὺς

138 1554 344 1634 δικαιοσύνης,
367 1553 465 1616 ἔπειτα
483 1553 516 1616 δέ
537 1554 588 1616 καλ
605 1552 743 1636 βασιλεὺς
760 1555 877 1634 Σαλήμ,
900 1554 917 1616 ό
937 1554 997 1617 ἐστι
1014 1555 1153 1637 βασιλεὺς

137 1651 268 1733 εἰρήνης.
300 1649 321 1731 ή
340 1649 395 1731 μέν
412 1650 467 1733 γὰρ
486 1662 544 1714 νῦν
558 1646 747 1734 Ἰερουσαλήμ
762 1649 873 1734 Ἰεβοὺς
890 1652 1019 1716 ἐκαλεῖτο
1036 1654 1151 1736 πρώην,

138 1749 215 1812 ὅθεν
237 1751 431 1829 μανθάνομεν
453 1751 498 1813 ότι
520 1749 553 1811 έιι
575 1760 634 1812 τῶν
656 1749 899 1832 καθαιρεθέντων
921 1748 1022 1815 ἐθνῶν
1043 1751 1117 1814 ἑπτὰ
1134 1751 1150 1815 ὁ
1165 1769 1192 1809 ιε

135 1845 324 1927 ’Μελχισεδέκ
343 1843 521 1928 Ἰεβουσαῖος
547 1859 666 1929 πρῶτον
688 1849 858 1931 ἐτύγχανεν,
881 1850 1003 1931 ὕστερον
1026 1849 1058 1914 δέ
1082 1850 1151 1929 μετὰ

135 1946 195 2026 τήν
216 1945 343 2025 ἐκβολήν
369 1954 428 2006 τῶν
450 1940 553 2008 ἐθνῶν
577 1945 628 2007 καλ
653 1949 826 2026 κατοίκησιν
853 1957 906 2009 τού
928 1953 1002 2010 λαού
1024 1947 1151 2028 ἀπεκλή-

135 2061 234 2123 ρωσεν
257 2042 352 2122 αύτήν
375 2042 392 2105 ό
414 2043 487 2117 θεὸς
508 2050 570 2118 τοῖς
592 2041 704 2123 ίερεύσι
726 2054 778 2106 τοῦ
801 2044 865 2106 ἐκεῖ
878 2043 1083 2124 ἀναφέρεσθαι
1100 2045 1151 2118 τὰς

136 2141 251 2214 θυσίας
278 2140 311 2202 ἐκ
336 2141 448 2215 παντὸς
475 2139 569 2203 τόπου
596 2151 656 2202 τῶν
675 2134 837 2202 Ἰουδαίων.
883 2140 1002 2204 διὸκαὶ
1025 2141 1150 2220 μετὰτὸ

136 2247 324 2300 καταπαῦσαι
346 2237 405 2300 ἀπὸ
428 2248 487 2300 τῶν
509 2237 646 2318 πολέμων
670 2238 881 2318 μετωνόμασαν
903 2239 958 2319 τήν
980 2239 1150 2301 πόλινΣα-
1164 2257 1191 2297 εο

136 2336 212 2415 λήμ,
245 2335 262 2397 ὅ
288 2335 366 2397 ἐστιν
398 2337 512 2418 εἰρήνη.
554 2330 744 2418 Ἰερουσαλήμ
774 2335 829 2418 γὰρ
861 2335 1050 2419 ἑρμηνεύεται
1082 2335 1150 2418 όρος

134 2433 269 2517 εἰρήνης,
292 2427 329 2495 ού
352 2433 390 2513 δή
414 2435 499 2516 χάριν
521 2434 538 2497 ό
563 2431 745 2514 Μελχισεδέκ
767 2433 904 2514 βασιλεὺς
921 2433 1043 2516 εἰρήνης
1060 2433 1150 2516 ἑρμη-

135 2532 252 2593 νεύεται
270 2533 444 2611 βασιλεύσας
461 2531 493 2593 έν
514 2531 589 2618 αὐτῇ
608 2530 758 2614 πρότερον.
795 2530 828 2592 τὸ
847 2529 879 2594 δὲ
894 2525 1037 2612 1βασιλεὺς
1055 2533 1150 2595 δικαι-

136 2629 250 2707 οσύνης
281 2630 370 2690 πόλιν
402 2639 455 2691 τοῦ
487 2630 566 2693 ἰδίου
599 2629 677 2691 έστλν
711 2625 855 2708 ὀνόματος
882 2629 1033 2712 ἑρμηνεία,
1068 2625 1147 2693 τοῦτ’

135 2727 198 2789 ἔστι
220 2725 402 2807 Μελχισεδέκ
428 2728 545 2811 γλώσση
571 2736 607 2813 τῇ
634 2727 820 2789 Χανανίτιόι.
866 2727 937 2790 ὅταν
964 2721 1020 2790 οὖν
1046 2727 1149 2812 ἀναγι-
1163 2746 1191 2786 ετ

135 2825 265 2908 νύσκης,
283 2817 306 2885 ὦ
330 2817 427 2905 οὗτος,
449 2825 499 2886 καλ
516 2825 606 2910 εύρης
624 2848 652 2886 τι
669 2824 737 2908 περὶ
754 2835 807 2888 τού
826 2825 1008 2906 Μελχισεδέκ
1024 2850 1150 2910 γεγραμ-

209 2993 305 3041 ε-ιι
325 2987 437 3041 Merene
456 2988 491 3042 de
509 2987 717 3043 Melchisedech
735 2994 752 3042 4
770 2958 866 3056 Migne
882 2987 913 3041 T.
930 2993 972 3056 τε,
989 2988 1095 3042 1121B.
1115 3019 1149 3028 -

136 3059 418 3116 11-14o'b.1120A
439 3058 525 3113 Hebr.
547 3063 572 3127 ⁷,
586 3065 611 3114 2.
635 3064 802 3114 -·14-23
822 3059 908 3113 Marc.
926 3060 962 3114 ib.
984 3057 1095 3113 11281).
1115 3090 1149 3099 -

134 3137 243 3185 23-25
261 3131 297 3186 ὦ.
314 3129 422 3185 112913.
443 3161 476 3172 ——
496 3136 601 3200 25-12
618 3136 678 3199 104,
693 3135 709 3183 3
727 3131 762 3186 τύ.
779 3134 847 3184 1125
858 3129 890 3184 D.

208 3278 224 3327 6
243 3271 391 3342 ἐκφέρεται
408 3271 506 3328 HMR.
522 3303 556 3314 -
576 3277 592 3325 9
610 3269 858 3342 παραληφθέντων
873 3269 926 3326 GV.
945 3303 979 3311 -
999 3275 1033 3325 10
1051 3271 1150 3332 καθὼς

133 3345 186 3400 καλ
203 3344 235 3399 έκ
254 3343 289 3413 Ν,
314 3375 347 3384 —-
370 3345 464 3400 αὐτῶν
482 3343 596 3398 AGGH.
617 3375 651 3384 -
676 3349 709 3397 12
728 3352 837 3411 πρῶτος
855 3340 901 3396 (W
924 3343 1021 3411 (invito
1038 3341 1094 3411 W).
1115 3374 1148 3383 -

136 3422 171 3471 14
190 3415 285 3487 λεβολις
296 3415 381 3469 FHM
399 3416 492 3487 ίεβοῦς
505 3414 533 3485 (λ.
548 3414 619 3485 PW)
632 3411 810 3469 BCDPRW.
825 3445 861 3453 —
881 3419 913 3467 15
932 3410 1002 3467 έπτὰ
1016 3413 1110 3468 ἐθνῶν
1123 3411 1147 3465 Β

132 3486 207 3569 ιέπτόι
221 3504 272 3542 om.
288 3486 320 3543 G.
335 3519 369 3528 -
385 3492 418 3541 17
432 3486 484 3556 τήν
497 3506 603 3541 κατοικ.
618 3485 676 3541 AG.
693 3517 726 3526 -
746 3490 780 3538 20
794 3482 986 3554 μετονόμασαν
1001 3482 1148 3538 ACHMP.

209 3617 226 3665 2
244 3612 277 3667 δέ
294 3612 344 3666 καί
362 3611 411 3668 διὰ
429 3611 458 3665 Ρ.
479 3643 512 3652 -
533 3617 565 3664 17
584 3618 751 3680 κατοικῆσαι
769 3608 791 3662 Ρ
809 3605 967 3678 (ἀποικίσαι
985 3607 1090 3679 Μαῖα).
