<?xml version="1.0" encoding="UTF-8"?>
<!DOCTYPE html PUBLIC "-//W3C//DTD XHTML 1.0 Transitional//EN"
    "http://www.w3.org/TR/xhtml1/DTD/xhtml1-transitional.dtd">
<html xmlns="http://www.w3.org/1999/xhtml" xml:lang="en" lang="en">
 <head>
  <title>
</title>
<meta http-equiv="Content-Type" content="text/html;charset=utf-8" />
  <meta name='ocr-system' content='tesseract 3.04.00' />
  <meta name='ocr-capabilities' content='ocr_page ocr_carea ocr_par ocr_line ocrx_word'/>
</head>
<body>
  <div class='ocr_page' id='page_1' title='image "./georgiimonachic01boorgoog_0116.png"; bbox 0 0 2617 3909; ppageno 0'>
   <div class='ocr_carea' id='block_1_1' title="bbox 179 211 881 274">
    <p class='ocr_par' dir='ltr' id='par_1_1' title="bbox 179 211 881 274">
     <span class='ocr_line' id='line_1_1' title="bbox 179 211 881 274; baseline 0 -11"><span class='ocrx_word' id='word_1_1' title='bbox 179 211 222 274; x_wconf 80' lang='grc'><strong><em>28</em></strong></span> <span class='ocrx_word' id='word_1_2' title='bbox 495 212 681 265; x_wconf 77' lang='grc' dir='ltr'>ΓΕΩΡΓΙΟΤ</span> <span class='ocrx_word' id='word_1_3' title='bbox 699 213 881 264; x_wconf 79' lang='grc' dir='ltr'>ΜΟΝΑΧΟΤ</span> 
     </span>
    </p>
   </div>
   <div class='ocr_carea' id='block_1_2' title="bbox 95 359 1199 1909">
    <p class='ocr_par' dir='ltr' id='par_1_2' title="bbox 95 359 1199 1909">
     <span class='ocr_line' id='line_1_2' title="bbox 180 359 1196 444; baseline 0.002 -24"><span class='ocrx_word' id='word_1_4' title='bbox 180 369 232 422; x_wconf 90' lang='grc' dir='ltr'><strong><em>τοῦ</em></strong></span> <span class='ocrx_word' id='word_1_5' title='bbox 260 359 442 440; x_wconf 88' lang='grc' dir='ltr'><strong><em>άδαμαντίου</em></strong></span> <span class='ocrx_word' id='word_1_6' title='bbox 469 361 559 421; x_wconf 87' lang='grc' dir='ltr'><strong><em>λίθου</em></strong></span> <span class='ocrx_word' id='word_1_7' title='bbox 586 361 733 438; x_wconf 78' lang='grc' dir='ltr'><strong><em>σημασίας</em></strong></span> <span class='ocrx_word' id='word_1_8' title='bbox 759 369 931 440; x_wconf 86' lang='grc' dir='ltr'><strong><em>ποιοῦντος,</em></strong></span> <span class='ocrx_word' id='word_1_9' title='bbox 959 359 999 433; x_wconf 83' lang='grc' dir='ltr'><strong><em>ὡς</em></strong></span> <span class='ocrx_word' id='word_1_10' title='bbox 1023 366 1063 444; x_wconf 77' lang='grc' dir='ltr'><strong><em>τῷ</em></strong></span> <span class='ocrx_word' id='word_1_11' title='bbox 1083 360 1196 439; x_wconf 88' lang='grc' dir='ltr'><strong><em>πλήθει</em></strong></span> 
     </span>
     <span class='ocr_line' id='line_1_3' title="bbox 179 456 1192 540; baseline -0.001 -20"><span class='ocrx_word' id='word_1_12' title='bbox 179 459 333 540; x_wconf 74' lang='grc' dir='ltr'><em>τυγχάνειν</em></span> <span class='ocrx_word' id='word_1_13' title='bbox 358 456 509 539; x_wconf 78' lang='grc' dir='ltr'><em>γνώριμον</em></span> <span class='ocrx_word' id='word_1_14' title='bbox 536 458 568 519; x_wconf 88' lang='grc' dir='ltr'><strong><em>τὸ</em></strong></span> <span class='ocrx_word' id='word_1_15' title='bbox 595 463 733 538; x_wconf 86' lang='grc' dir='ltr'><strong><em>παρεῖναι</em></strong></span> <span class='ocrx_word' id='word_1_16' title='bbox 764 457 816 519; x_wconf 87' lang='grc' dir='ltr'><strong><em>τὸν</em></strong></span> <span class='ocrx_word' id='word_1_17' title='bbox 844 457 916 520; x_wconf 88' lang='grc' dir='ltr'><strong><em>θεὸν</em></strong></span> <span class='ocrx_word' id='word_1_18' title='bbox 947 459 989 531; x_wconf 81' lang='grc' dir='ltr'><strong><em>εἰς</em></strong></span> <span class='ocrx_word' id='word_1_19' title='bbox 1021 457 1192 539; x_wconf 75' lang='grc' dir='ltr'><em>ἐπικουρίαν</em></span> 
     </span>
     <span class='ocr_line' id='line_1_4' title="bbox 180 550 1196 639; baseline 0.001 -22"><span class='ocrx_word' id='word_1_20' title='bbox 180 555 288 630; x_wconf 84' lang='grc' dir='ltr'><strong><em>αὐτοῖς.</em></strong></span> <span class='ocrx_word' id='word_1_21' title='bbox 333 554 366 616; x_wconf 86' lang='grc' dir='ltr'><strong><em>ἒν</em></strong></span> <span class='ocrx_word' id='word_1_22' title='bbox 393 554 470 639; x_wconf 81' lang='grc' dir='ltr'><strong><em>μέσῳ</em></strong></span> <span class='ocrx_word' id='word_1_23' title='bbox 499 555 555 637; x_wconf 82' lang='grc' dir='ltr'><strong><em>γὰρ</em></strong></span> <span class='ocrx_word' id='word_1_24' title='bbox 582 550 658 636; x_wconf 79' lang='grc' dir='ltr'><strong><em>εἶχεν</em></strong></span> <span class='ocrx_word' id='word_1_25' title='bbox 690 555 787 637; x_wconf 81' lang='grc' dir='ltr'><strong><em>ὥσπερ</em></strong></span> <span class='ocrx_word' id='word_1_26' title='bbox 814 555 919 638; x_wconf 78' lang='grc' dir='ltr'><strong><em>ἀστέρα</em></strong></span> <span class='ocrx_word' id='word_1_27' title='bbox 951 555 1112 638; x_wconf 79' lang='grc' dir='ltr'><strong><em>ὁλόχρυσον</em></strong></span> <span class='ocrx_word' id='word_1_28' title='bbox 1143 556 1196 618; x_wconf 79' lang='grc' dir='ltr'><strong><em>καί</em></strong></span> 
     </span>
     <span class='ocr_line' id='line_1_5' title="bbox 180 651 1195 737; baseline 0.001 -22"><span class='ocrx_word' id='word_1_29' title='bbox 180 652 361 736; x_wconf 76' lang='grc' dir='ltr'><strong><em>ἑκατέρωθεν</em></strong></span> <span class='ocrx_word' id='word_1_30' title='bbox 392 651 485 715; x_wconf 84' lang='grc' dir='ltr'><strong><em>αὑτοῦ</em></strong></span> <span class='ocrx_word' id='word_1_31' title='bbox 517 654 705 735; x_wconf 74' lang='grc' dir='ltr'><strong><em>σμαράγδους</em></strong></span> <span class='ocrx_word' id='word_1_32' title='bbox 737 654 855 735; x_wconf 79' lang='grc' dir='ltr'><strong><em>ἔχοντας</em></strong></span> <span class='ocrx_word' id='word_1_33' title='bbox 886 652 944 715; x_wconf 89' lang='grc' dir='ltr'><strong><em>άνά</em></strong></span> <span class='ocrx_word' id='word_1_34' title='bbox 970 656 1005 730; x_wconf 64' lang='grc' dir='ltr'><strong><em>ἓξ</em></strong></span> <span class='ocrx_word' id='word_1_35' title='bbox 1037 655 1195 737; x_wconf 78' lang='grc' dir='ltr'><strong><em>ἐγγεγραμ-</em></strong></span> 
     </span>
     <span class='ocr_line' id='line_1_6' title="bbox 154 745 1196 836; baseline 0.004 -26"><span class='ocrx_word' id='word_1_36' title='bbox 154 751 270 831; x_wconf 78' lang='grc' dir='ltr'><strong><em>σμένας</em></strong></span> <span class='ocrx_word' id='word_1_37' title='bbox 292 750 344 825; x_wconf 82' lang='grc' dir='ltr'><strong><em>τὰς</em></strong></span> <span class='ocrx_word' id='word_1_38' title='bbox 367 752 482 812; x_wconf 85' lang='grc' dir='ltr'><strong><em>δώδεκα</em></strong></span> <span class='ocrx_word' id='word_1_39' title='bbox 505 751 602 830; x_wconf 81' lang='grc' dir='ltr'><strong><em>φυλάς</em></strong></span> <span class='ocrx_word' id='word_1_40' title='bbox 624 760 678 813; x_wconf 92' lang='grc' dir='ltr'><strong><em>τοῦ</em></strong></span> <span class='ocrx_word' id='word_1_41' title='bbox 697 745 822 834; x_wconf 81' lang='grc' dir='ltr'><strong><em>Ἰσραήλ,</em></strong></span> <span class='ocrx_word' id='word_1_42' title='bbox 846 751 878 814; x_wconf 82' lang='grc' dir='ltr'><strong><em>έν</em></strong></span> <span class='ocrx_word' id='word_1_43' title='bbox 901 750 933 813; x_wconf 76' lang='grc' dir='ltr'><strong><em>δὲ</em></strong></span> <span class='ocrx_word' id='word_1_44' title='bbox 951 759 990 836; x_wconf 78' lang='grc' dir='ltr'><strong><em>τῷ</em></strong></span> <span class='ocrx_word' id='word_1_45' title='bbox 1006 752 1113 832; x_wconf 81' lang='grc' dir='ltr'><strong><em>μεταξὺ</em></strong></span> <span class='ocrx_word' id='word_1_46' title='bbox 1136 763 1196 814; x_wconf 92' lang='grc' dir='ltr'><strong><em>τῶν</em></strong></span> 
     </span>
     <span class='ocr_line' id='line_1_7' title="bbox 181 847 1195 931; baseline 0.002 -20"><span class='ocrx_word' id='word_1_47' title='bbox 181 850 235 911; x_wconf 85' lang='grc' dir='ltr'><strong><em>δύο</em></strong></span> <span class='ocrx_word' id='word_1_48' title='bbox 268 850 446 931; x_wconf 76' lang='grc' dir='ltr'><strong><em>σμαράγδων</em></strong></span> <span class='ocrx_word' id='word_1_49' title='bbox 477 851 566 911; x_wconf 82' lang='grc' dir='ltr'><strong><em>λίθον</em></strong></span> <span class='ocrx_word' id='word_1_50' title='bbox 597 848 758 928; x_wconf 78' lang='grc' dir='ltr'><strong><em>ἀδάμαντα.</em></strong></span> <span class='ocrx_word' id='word_1_51' title='bbox 804 847 894 928; x_wconf 89' lang='grc' dir='ltr'><strong><em>ήνίκα</em></strong></span> <span class='ocrx_word' id='word_1_52' title='bbox 925 859 1000 930; x_wconf 91' lang='grc' dir='ltr'><strong><em>γοῦν</em></strong></span> <span class='ocrx_word' id='word_1_53' title='bbox 1031 849 1148 929; x_wconf 78' lang='grc' dir='ltr'><strong><em>ἔμελλεν</em></strong></span> <span class='ocrx_word' id='word_1_54' title='bbox 1179 849 1195 913; x_wconf 86' lang='grc' dir='ltr'><strong><em>ὑ</em></strong></span> 
     </span>
     <span class='ocr_line' id='line_1_8' title="bbox 180 945 1196 1032; baseline 0 -22"><span class='ocrx_word' id='word_1_55' title='bbox 180 946 273 1028; x_wconf 88' lang='grc' dir='ltr'><strong><em>ίερεὺς</em></strong></span> <span class='ocrx_word' id='word_1_56' title='bbox 293 946 441 1030; x_wconf 85' lang='grc' dir='ltr'><strong><em>έπεραπᾶν</em></strong></span> <span class='ocrx_word' id='word_1_57' title='bbox 459 946 511 1009; x_wconf 87' lang='grc' dir='ltr'><strong><em>τὸν</em></strong></span> <span class='ocrx_word' id='word_1_58' title='bbox 529 947 613 1027; x_wconf 86' lang='grc' dir='ltr'><strong><em>θεόν,</em></strong></span> <span class='ocrx_word' id='word_1_59' title='bbox 635 945 748 1026; x_wconf 80' lang='grc' dir='ltr'><strong><em>έδέσμει</em></strong></span> <span class='ocrx_word' id='word_1_60' title='bbox 770 946 843 1008; x_wconf 80' lang='grc' dir='ltr'><strong><em>αὐτὸ</em></strong></span> <span class='ocrx_word' id='word_1_61' title='bbox 863 947 895 1008; x_wconf 80' lang='grc' dir='ltr'><strong><em>έν</em></strong></span> <span class='ocrx_word' id='word_1_62' title='bbox 918 957 953 1032; x_wconf 74' lang='grc' dir='ltr'><strong><em>τῇ</em></strong></span> <span class='ocrx_word' id='word_1_63' title='bbox 973 947 1098 1028; x_wconf 77' lang='grc' dir='ltr'><strong><em>ἐπωμίδι</em></strong></span> <span class='ocrx_word' id='word_1_64' title='bbox 1121 949 1196 1010; x_wconf 83' lang='grc' dir='ltr'><strong><em>ιαιτὰ</em></strong></span> 
     </span>
     <span class='ocr_line' id='line_1_9' title="bbox 95 1043 1196 1127; baseline 0.004 -23"><span class='ocrx_word' id='word_1_65' title='bbox 95 1062 165 1104; x_wconf 72' lang='grc' dir='ltr'><strong><em>εοει.</em></strong></span> <span class='ocrx_word' id='word_1_66' title='bbox 181 1044 270 1124; x_wconf 88' lang='grc' dir='ltr'><strong><em>μέσον</em></strong></span> <span class='ocrx_word' id='word_1_67' title='bbox 297 1055 351 1106; x_wconf 85' lang='grc' dir='ltr'><strong><em>τοῦ</em></strong></span> <span class='ocrx_word' id='word_1_68' title='bbox 378 1043 500 1125; x_wconf 89' lang='grc' dir='ltr'><strong><em>στέρνου</em></strong></span> <span class='ocrx_word' id='word_1_69' title='bbox 531 1043 581 1106; x_wconf 83' lang='grc' dir='ltr'><strong><em>καὶ</em></strong></span> <span class='ocrx_word' id='word_1_70' title='bbox 610 1045 766 1106; x_wconf 84' lang='grc' dir='ltr'><strong><em>ὑποτιθῶν</em></strong></span> <span class='ocrx_word' id='word_1_71' title='bbox 796 1045 848 1119; x_wconf 81' lang='grc' dir='ltr'><strong><em>τὰς</em></strong></span> <span class='ocrx_word' id='word_1_72' title='bbox 875 1050 971 1127; x_wconf 86' lang='grc' dir='ltr'><strong><em>χεῖρας</em></strong></span> <span class='ocrx_word' id='word_1_73' title='bbox 997 1045 1196 1108; x_wconf 77' lang='grc' dir='ltr'><strong><em>ὑποκάτωθεν</em></strong></span> 
     </span>
     <span class='ocr_line' id='line_1_10' title="bbox 180 1141 1195 1226; baseline 0.001 -21"><span class='ocrx_word' id='word_1_74' title='bbox 180 1143 328 1226; x_wconf 75' lang='grc' dir='ltr'><strong><em>εὑρίσκετο</em></strong></span> <span class='ocrx_word' id='word_1_75' title='bbox 347 1142 553 1223; x_wconf 83' lang='grc' dir='ltr'><strong><em>έξηπλωμένον</em></strong></span> <span class='ocrx_word' id='word_1_76' title='bbox 571 1149 635 1218; x_wconf 86' lang='grc' dir='ltr'><strong><em>ταῖς</em></strong></span> <span class='ocrx_word' id='word_1_77' title='bbox 650 1144 799 1222; x_wconf 81' lang='grc' dir='ltr'><strong><em>παλάμαις</em></strong></span> <span class='ocrx_word' id='word_1_78' title='bbox 817 1141 909 1204; x_wconf 83' lang='grc' dir='ltr'><strong><em>αὑτοῦ</em></strong></span> <span class='ocrx_word' id='word_1_79' title='bbox 923 1143 1060 1224; x_wconf 85' lang='grc' dir='ltr'><strong><em>καθάπερ</em></strong></span> <span class='ocrx_word' id='word_1_80' title='bbox 1078 1145 1195 1218; x_wconf 83' lang='grc' dir='ltr'><strong><em>πυξίον.</em></strong></span> 
     </span>
     <span class='ocr_line' id='line_1_11' title="bbox 141 1239 1196 1323; baseline 0.004 -24"><span class='ocrx_word' id='word_1_81' title='bbox 141 1259 167 1299; x_wconf 79' lang='grc' dir='ltr'><strong><em>1ο</em></strong></span> <span class='ocrx_word' id='word_1_82' title='bbox 181 1241 255 1304; x_wconf 81' lang='grc' dir='ltr'><strong><em>ὅθεν</em></strong></span> <span class='ocrx_word' id='word_1_83' title='bbox 277 1240 372 1321; x_wconf 85' lang='grc' dir='ltr'><strong><em>φησίν</em></strong></span> <span class='ocrx_word' id='word_1_84' title='bbox 391 1239 407 1303; x_wconf 87' lang='grc' dir='ltr'><strong><em>ό</em></strong></span> <span class='ocrx_word' id='word_1_85' title='bbox 425 1241 528 1303; x_wconf 87' lang='grc' dir='ltr'><strong><em>Σαοὺλ</em></strong></span> <span class='ocrx_word' id='word_1_86' title='bbox 550 1241 625 1323; x_wconf 87' lang='grc' dir='ltr'><strong><em>πρὸς</em></strong></span> <span class='ocrx_word' id='word_1_87' title='bbox 642 1241 694 1303; x_wconf 90' lang='grc' dir='ltr'><strong><em>τὸν</em></strong></span> <span class='ocrx_word' id='word_1_88' title='bbox 712 1239 789 1323; x_wconf 85' lang='grc' dir='ltr'><strong><em>ἱερέα</em></strong></span> <span class='ocrx_word' id='word_1_89' title='bbox 807 1240 988 1321; x_wconf 86' lang='grc' dir='ltr'><strong><em>βουλόμενος</em></strong></span> <span class='ocrx_word' id='word_1_90' title='bbox 1009 1241 1052 1314; x_wconf 86' lang='grc' dir='ltr'><strong><em>είς</em></strong></span> <span class='ocrx_word' id='word_1_91' title='bbox 1069 1241 1122 1303; x_wconf 85' lang='grc' dir='ltr'><strong><em>τὸν</em></strong></span> <span class='ocrx_word' id='word_1_92' title='bbox 1140 1241 1196 1303; x_wconf 89' lang='grc' dir='ltr'><strong><em>πό-</em></strong></span> 
     </span>
     <span class='ocr_line' id='line_1_12' title="bbox 180 1338 1196 1421; baseline -0.002 -19"><span class='ocrx_word' id='word_1_93' title='bbox 180 1346 269 1419; x_wconf 89' lang='grc' dir='ltr'><strong><em>λεμον</em></strong></span> <span class='ocrx_word' id='word_1_94' title='bbox 296 1345 408 1400; x_wconf 85' lang='grc' dir='ltr'><strong><em>θᾶττον</em></strong></span> <span class='ocrx_word' id='word_1_95' title='bbox 434 1340 673 1420; x_wconf 78' lang='grc' dir='ltr'><strong><em>παρατάξασθαι·</em></strong></span> <span class='ocrx_word' id='word_1_96' title='bbox 701 1339 848 1420; x_wconf 77' lang='grc' dir='ltr'><strong><em>συνάγαγε</em></strong></span> <span class='ocrx_word' id='word_1_97' title='bbox 875 1338 926 1412; x_wconf 84' lang='grc' dir='ltr'><strong><em>τὰς</em></strong></span> <span class='ocrx_word' id='word_1_98' title='bbox 948 1339 1044 1421; x_wconf 80' lang='grc' dir='ltr'><strong><em>χεῖράς</em></strong></span> <span class='ocrx_word' id='word_1_99' title='bbox 1067 1355 1122 1401; x_wconf 90' lang='grc' dir='ltr'><strong><em>σου</em></strong></span> <span class='ocrx_word' id='word_1_100' title='bbox 1145 1338 1196 1400; x_wconf 87' lang='grc' dir='ltr'><strong><em>κοιλ</em></strong></span> 
     </span>
     <span class='ocr_line' id='line_1_13' title="bbox 180 1431 1196 1520; baseline 0 -22"><span class='ocrx_word' id='word_1_101' title='bbox 180 1431 255 1520; x_wconf 85' lang='grc' dir='ltr'><strong><em>ἀρον</em></strong></span> <span class='ocrx_word' id='word_1_102' title='bbox 268 1438 300 1500; x_wconf 90' lang='grc' dir='ltr'><strong><em>τὸ</em></strong></span> <span class='ocrx_word' id='word_1_103' title='bbox 315 1437 419 1516; x_wconf 77' lang='grc' dir='ltr'><strong><em>ἐφοόδ.</em></strong></span> <span class='ocrx_word' id='word_1_104' title='bbox 453 1435 503 1497; x_wconf 81' lang='grc' dir='ltr'><strong><em>καὶ</em></strong></span> <span class='ocrx_word' id='word_1_105' title='bbox 521 1437 599 1498; x_wconf 85' lang='grc' dir='ltr'><strong><em>οὑτω</em></strong></span> <span class='ocrx_word' id='word_1_106' title='bbox 618 1436 723 1498; x_wconf 86' lang='grc' dir='ltr'><strong><em>λοιπὸν</em></strong></span> <span class='ocrx_word' id='word_1_107' title='bbox 738 1435 863 1518; x_wconf 86' lang='grc' dir='ltr'><strong><em>ἀφορῶν</em></strong></span> <span class='ocrx_word' id='word_1_108' title='bbox 880 1437 922 1511; x_wconf 88' lang='grc' dir='ltr'><strong><em>είς</em></strong></span> <span class='ocrx_word' id='word_1_109' title='bbox 935 1437 968 1498; x_wconf 88' lang='grc' dir='ltr'><strong><em>τὸ</em></strong></span> <span class='ocrx_word' id='word_1_110' title='bbox 982 1435 1078 1514; x_wconf 85' lang='grc' dir='ltr'><strong><em>έφοὺδ</em></strong></span> <span class='ocrx_word' id='word_1_111' title='bbox 1095 1435 1196 1520; x_wconf 80' lang='grc' dir='ltr'><strong><em>ἠρώτα</em></strong></span> 
     </span>
     <span class='ocr_line' id='line_1_14' title="bbox 179 1532 1196 1615; baseline 0.002 -20"><span class='ocrx_word' id='word_1_112' title='bbox 179 1535 232 1598; x_wconf 81' lang='grc' dir='ltr'><strong><em>τὸν</em></strong></span> <span class='ocrx_word' id='word_1_113' title='bbox 254 1535 328 1598; x_wconf 89' lang='grc' dir='ltr'><strong><em>θεὸν</em></strong></span> <span class='ocrx_word' id='word_1_114' title='bbox 349 1534 382 1596; x_wconf 87' lang='grc' dir='ltr'><strong><em>τὸ</em></strong></span> <span class='ocrx_word' id='word_1_115' title='bbox 405 1534 541 1615; x_wconf 87' lang='grc' dir='ltr'><strong><em>έράτημα</em></strong></span> <span class='ocrx_word' id='word_1_116' title='bbox 563 1533 715 1615; x_wconf 84' lang='grc' dir='ltr'><strong><em>προσέχων</em></strong></span> <span class='ocrx_word' id='word_1_117' title='bbox 737 1533 867 1614; x_wconf 78' lang='grc' dir='ltr'><strong><em>ἀκριβῶς</em></strong></span> <span class='ocrx_word' id='word_1_118' title='bbox 889 1557 918 1595; x_wconf 89' lang='grc' dir='ltr'><strong><em>τε</em></strong></span> <span class='ocrx_word' id='word_1_119' title='bbox 944 1532 994 1594; x_wconf 81' lang='grc' dir='ltr'><strong><em>καί</em></strong></span> <span class='ocrx_word' id='word_1_120' title='bbox 1019 1539 1130 1614; x_wconf 80' lang='grc' dir='ltr'><strong><em>μᾶλλον</em></strong></span> <span class='ocrx_word' id='word_1_121' title='bbox 1153 1535 1196 1608; x_wconf 87' lang='grc' dir='ltr'><strong><em>είς</em></strong></span> 
     </span>
     <span class='ocr_line' id='line_1_15' title="bbox 180 1627 1196 1714; baseline 0.002 -22"><span class='ocrx_word' id='word_1_122' title='bbox 180 1631 232 1693; x_wconf 89' lang='grc' dir='ltr'><strong><em>τδν</em></strong></span> <span class='ocrx_word' id='word_1_123' title='bbox 258 1629 412 1710; x_wconf 87' lang='grc' dir='ltr'><strong><em>ἀδάμαντα</em></strong></span> <span class='ocrx_word' id='word_1_124' title='bbox 438 1632 541 1710; x_wconf 85' lang='grc' dir='ltr'><strong><em>λίθον,</em></strong></span> <span class='ocrx_word' id='word_1_125' title='bbox 569 1627 603 1704; x_wconf 84' lang='grc' dir='ltr'><strong><em>δς</em></strong></span> <span class='ocrx_word' id='word_1_126' title='bbox 630 1630 810 1692; x_wconf 78' lang='grc' dir='ltr'><strong><em>ἐναλλάττων</em></strong></span> <span class='ocrx_word' id='word_1_127' title='bbox 837 1632 892 1711; x_wconf 82' lang='grc' dir='ltr'><strong><em>τήν</em></strong></span> <span class='ocrx_word' id='word_1_128' title='bbox 919 1631 1021 1714; x_wconf 82' lang='grc' dir='ltr'><strong><em>χροιὰν</em></strong></span> <span class='ocrx_word' id='word_1_129' title='bbox 1048 1632 1082 1694; x_wconf 89' lang='grc' dir='ltr'><strong><em>έκ</em></strong></span> <span class='ocrx_word' id='word_1_130' title='bbox 1108 1634 1196 1706; x_wconf 80' lang='grc' dir='ltr'><strong><em>θείας</em></strong></span> 
     </span>
     <span class='ocr_line' id='line_1_16' title="bbox 141 1726 1199 1815; baseline 0.002 -27"><span class='ocrx_word' id='word_1_131' title='bbox 141 1748 166 1788; x_wconf 80' lang='lat'><strong><em>1⁶</em></strong></span> <span class='ocrx_word' id='word_1_132' title='bbox 181 1730 343 1809; x_wconf 74' lang='grc' dir='ltr'><strong><em>μεταβολῆς</em></strong></span> <span class='ocrx_word' id='word_1_133' title='bbox 373 1726 424 1789; x_wconf 83' lang='grc' dir='ltr'><strong><em>καλ</em></strong></span> <span class='ocrx_word' id='word_1_134' title='bbox 454 1726 635 1802; x_wconf 82' lang='grc' dir='ltr'><strong><em>ἀλλοιώσεως</em></strong></span> <span class='ocrx_word' id='word_1_135' title='bbox 666 1727 773 1806; x_wconf 86' lang='grc' dir='ltr'><strong><em>έδήλου</em></strong></span> <span class='ocrx_word' id='word_1_136' title='bbox 805 1740 969 1809; x_wconf 83' lang='grc' dir='ltr'><strong><em>προφανῶς</em></strong></span> <span class='ocrx_word' id='word_1_137' title='bbox 1004 1729 1039 1790; x_wconf 86' lang='grc' dir='ltr'><strong><em>τὰ</em></strong></span> <span class='ocrx_word' id='word_1_138' title='bbox 1070 1737 1110 1814; x_wconf 74' lang='grc' dir='ltr'><strong><em>τῷ</em></strong></span> <span class='ocrx_word' id='word_1_139' title='bbox 1137 1735 1199 1815; x_wconf 76' lang='grc' dir='ltr'><strong><em>λαῷ</em></strong></span> 
     </span>
     <span class='ocr_line' id='line_1_17' title="bbox 180 1823 1195 1909; baseline 0 -20"><span class='ocrx_word' id='word_1_140' title='bbox 180 1827 312 1905; x_wconf 74' lang='grc' dir='ltr'><strong><em>ἐσόμενα.</em></strong></span> <span class='ocrx_word' id='word_1_141' title='bbox 354 1825 442 1904; x_wconf 92' lang='grc' dir='ltr'><strong><em>μέλας</em></strong></span> <span class='ocrx_word' id='word_1_142' title='bbox 456 1823 510 1905; x_wconf 81' lang='grc' dir='ltr'><strong><em>μὲν</em></strong></span> <span class='ocrx_word' id='word_1_143' title='bbox 523 1825 579 1907; x_wconf 81' lang='grc' dir='ltr'><strong><em>γὰρ</em></strong></span> <span class='ocrx_word' id='word_1_144' title='bbox 592 1825 749 1907; x_wconf 89' lang='grc' dir='ltr'><strong><em>γινόμενος</em></strong></span> <span class='ocrx_word' id='word_1_145' title='bbox 762 1826 906 1906; x_wconf 79' lang='grc' dir='ltr'><strong><em>θάνατον,</em></strong></span> <span class='ocrx_word' id='word_1_146' title='bbox 924 1826 1053 1909; x_wconf 87' lang='grc' dir='ltr'><strong><em>έρυθρδς</em></strong></span> <span class='ocrx_word' id='word_1_147' title='bbox 1072 1826 1104 1890; x_wconf 78' lang='grc' dir='ltr'><strong><em>δέ</em></strong></span> <span class='ocrx_word' id='word_1_148' title='bbox 1118 1845 1195 1907; x_wconf 85' lang='grc' dir='ltr'><strong><em>σφα·</em></strong></span> 
     </span>
    </p>
   </div>
   <div class='ocr_carea' id='block_1_3' title="bbox 140 1921 1196 2499">
    <p class='ocr_par' dir='ltr' id='par_1_3' title="bbox 140 1921 1196 2499">
     <span class='ocr_line' id='line_1_18' title="bbox 180 1921 1196 2007; baseline 0.002 -22"><span class='ocrx_word' id='word_1_149' title='bbox 180 1925 244 2005; x_wconf 83' lang='grc' dir='ltr'><strong><em>γάς,</em></strong></span> <span class='ocrx_word' id='word_1_150' title='bbox 266 1923 370 1998; x_wconf 87' lang='grc' dir='ltr'><strong><em>λευκὸς</em></strong></span> <span class='ocrx_word' id='word_1_151' title='bbox 393 1921 425 1985; x_wconf 79' lang='grc' dir='ltr'><strong><em>δέ</em></strong></span> <span class='ocrx_word' id='word_1_152' title='bbox 443 1924 604 2005; x_wconf 78' lang='grc' dir='ltr'><strong><em>διαλλαγὴν</em></strong></span> <span class='ocrx_word' id='word_1_153' title='bbox 626 1933 680 1985; x_wconf 90' lang='grc' dir='ltr'><strong><em>τοῦ</em></strong></span> <span class='ocrx_word' id='word_1_154' title='bbox 698 1929 772 1985; x_wconf 86' lang='grc' dir='ltr'><strong><em>θεοῦ</em></strong></span> <span class='ocrx_word' id='word_1_155' title='bbox 791 1926 1016 2006; x_wconf 77' lang='grc' dir='ltr'><strong><em>προεσήμαινεν.</em></strong></span> <span class='ocrx_word' id='word_1_156' title='bbox 1052 1924 1196 2007; x_wconf 72' lang='grc' dir='ltr'><strong><em>καὶπρὸς</em></strong></span> 
     </span>
     <span class='ocr_line' id='line_1_19' title="bbox 180 2014 1195 2105; baseline 0.001 -21"><span class='ocrx_word' id='word_1_157' title='bbox 180 2023 295 2096; x_wconf 79' lang='grc' dir='ltr'><strong><em>τούτοις</em></strong></span> <span class='ocrx_word' id='word_1_158' title='bbox 313 2014 390 2102; x_wconf 85' lang='grc' dir='ltr'><strong><em>ήσαν</em></strong></span> <span class='ocrx_word' id='word_1_159' title='bbox 409 2020 458 2083; x_wconf 80' lang='grc' dir='ltr'><strong><em>καὶ</em></strong></span> <span class='ocrx_word' id='word_1_160' title='bbox 476 2021 631 2105; x_wconf 91' lang='grc' dir='ltr'><strong><em>γράμματα</em></strong></span> <span class='ocrx_word' id='word_1_161' title='bbox 654 2021 687 2083; x_wconf 86' lang='grc' dir='ltr'><strong><em>έκ</em></strong></span> <span class='ocrx_word' id='word_1_162' title='bbox 704 2026 813 2103; x_wconf 85' lang='grc' dir='ltr'><strong><em>χαλκοῦ</em></strong></span> <span class='ocrx_word' id='word_1_163' title='bbox 836 2024 1049 2105; x_wconf 84' lang='grc' dir='ltr'><strong><em>καθαρωτάτου</em></strong></span> <span class='ocrx_word' id='word_1_164' title='bbox 1069 2044 1195 2102; x_wconf 84' lang='grc' dir='ltr'><strong><em>πεποιη-</em></strong></span> 
     </span>
     <span class='ocr_line' id='line_1_20' title="bbox 180 2114 1196 2203; baseline 0 -20"><span class='ocrx_word' id='word_1_165' title='bbox 180 2120 254 2200; x_wconf 87' lang='grc' dir='ltr'><strong><em>μένα</em></strong></span> <span class='ocrx_word' id='word_1_166' title='bbox 276 2119 327 2182; x_wconf 80' lang='grc' dir='ltr'><strong><em>κοιλ</em></strong></span> <span class='ocrx_word' id='word_1_167' title='bbox 344 2119 564 2200; x_wconf 79' lang='grc' dir='ltr'><strong><em>ἐντετυπωμένα</em></strong></span> <span class='ocrx_word' id='word_1_168' title='bbox 581 2118 705 2181; x_wconf 75' lang='grc' dir='ltr'><strong><em>ἑκάστου</em></strong></span> <span class='ocrx_word' id='word_1_169' title='bbox 724 2121 867 2201; x_wconf 82' lang='grc' dir='ltr'><strong><em>στοιχείου</em></strong></span> <span class='ocrx_word' id='word_1_170' title='bbox 885 2130 938 2182; x_wconf 88' lang='grc' dir='ltr'><strong><em>τοῦ</em></strong></span> <span class='ocrx_word' id='word_1_171' title='bbox 956 2116 1026 2202; x_wconf 88' lang='grc' dir='ltr'><strong><em>παρ’</em></strong></span> <span class='ocrx_word' id='word_1_172' title='bbox 1044 2114 1196 2203; x_wconf 83' lang='grc' dir='ltr'><strong><em>Ἑβραίοις</em></strong></span> 
     </span>
     <span class='ocr_line' id='line_1_21' title="bbox 140 2217 1196 2305; baseline 0.003 -27"><span class='ocrx_word' id='word_1_173' title='bbox 140 2239 167 2278; x_wconf 83' lang='grc' dir='ltr'><strong><em>ευ</em></strong></span> <span class='ocrx_word' id='word_1_174' title='bbox 180 2217 366 2300; x_wconf 81' lang='grc' dir='ltr'><strong><em>ἀλφαβήτου,</em></strong></span> <span class='ocrx_word' id='word_1_175' title='bbox 389 2219 463 2301; x_wconf 81' lang='grc' dir='ltr'><strong><em>άπερ</em></strong></span> <span class='ocrx_word' id='word_1_176' title='bbox 486 2218 523 2297; x_wconf 80' lang='grc' dir='ltr'><strong><em>δή</em></strong></span> <span class='ocrx_word' id='word_1_177' title='bbox 547 2219 706 2300; x_wconf 90' lang='grc' dir='ltr'><strong><em>προσάγων</em></strong></span> <span class='ocrx_word' id='word_1_178' title='bbox 728 2217 744 2281; x_wconf 87' lang='grc' dir='ltr'><strong><em>δ</em></strong></span> <span class='ocrx_word' id='word_1_179' title='bbox 768 2217 861 2300; x_wconf 84' lang='grc' dir='ltr'><strong><em>ίερεὺς</em></strong></span> <span class='ocrx_word' id='word_1_180' title='bbox 884 2225 922 2302; x_wconf 75' lang='grc' dir='ltr'><strong><em>τῷ</em></strong></span> <span class='ocrx_word' id='word_1_181' title='bbox 942 2220 1035 2305; x_wconf 71' lang='grc' dir='ltr'><strong><em>κυρίην</em></strong></span> <span class='ocrx_word' id='word_1_182' title='bbox 1058 2217 1108 2280; x_wconf 81' lang='grc' dir='ltr'><strong><em>καί</em></strong></span> <span class='ocrx_word' id='word_1_183' title='bbox 1131 2218 1196 2281; x_wconf 87' lang='grc' dir='ltr'><strong><em>έπι-</em></strong></span> 
     </span>
     <span class='ocr_line' id='line_1_22' title="bbox 180 2313 1195 2402; baseline 0.001 -24"><span class='ocrx_word' id='word_1_184' title='bbox 180 2323 276 2379; x_wconf 90' lang='grc' dir='ltr'><strong><em>τιθῶν</em></strong></span> <span class='ocrx_word' id='word_1_185' title='bbox 297 2317 330 2378; x_wconf 76' lang='grc' dir='ltr'><strong><em>ἐν</em></strong></span> <span class='ocrx_word' id='word_1_186' title='bbox 352 2323 391 2402; x_wconf 78' lang='grc' dir='ltr'><strong><em>τῷ</em></strong></span> <span class='ocrx_word' id='word_1_187' title='bbox 411 2315 507 2394; x_wconf 83' lang='grc' dir='ltr'><strong><em>έφοὺδ</em></strong></span> <span class='ocrx_word' id='word_1_188' title='bbox 528 2313 577 2376; x_wconf 80' lang='grc' dir='ltr'><strong><em>καί</em></strong></span> <span class='ocrx_word' id='word_1_189' title='bbox 601 2316 679 2378; x_wconf 82' lang='grc' dir='ltr'><strong><em>οὑτω</em></strong></span> <span class='ocrx_word' id='word_1_190' title='bbox 702 2317 858 2399; x_wconf 83' lang='grc' dir='ltr'><strong><em>διερωτῶν,</em></strong></span> <span class='ocrx_word' id='word_1_191' title='bbox 880 2316 975 2390; x_wconf 85' lang='grc' dir='ltr'><strong><em>εόθὺς</em></strong></span> <span class='ocrx_word' id='word_1_192' title='bbox 997 2315 1195 2398; x_wconf 83' lang='grc' dir='ltr'><strong><em>ἀνωρθοῦντο</em></strong></span> 
     </span>
     <span class='ocr_line' id='line_1_23' title="bbox 180 2413 1195 2499; baseline 0.001 -24"><span class='ocrx_word' id='word_1_193' title='bbox 180 2415 250 2499; x_wconf 76' lang='grc' dir='ltr'><strong><em>θείᾳ</em></strong></span> <span class='ocrx_word' id='word_1_194' title='bbox 272 2415 386 2494; x_wconf 78' lang='grc' dir='ltr'><strong><em>κινήσει</em></strong></span> <span class='ocrx_word' id='word_1_195' title='bbox 403 2413 438 2474; x_wconf 82' lang='grc' dir='ltr'><strong><em>τά</em></strong></span> <span class='ocrx_word' id='word_1_196' title='bbox 456 2419 582 2494; x_wconf 86' lang='grc' dir='ltr'><strong><em>στοιχεῖα</em></strong></span> <span class='ocrx_word' id='word_1_197' title='bbox 600 2415 748 2493; x_wconf 81' lang='grc' dir='ltr'><strong><em>δηλοῦντα</em></strong></span> <span class='ocrx_word' id='word_1_198' title='bbox 770 2423 874 2491; x_wconf 84' lang='grc' dir='ltr'><strong><em>σαφῶς</em></strong></span> <span class='ocrx_word' id='word_1_199' title='bbox 896 2414 950 2495; x_wconf 83' lang='grc' dir='ltr'><strong><em>τήν</em></strong></span> <span class='ocrx_word' id='word_1_200' title='bbox 969 2413 1119 2476; x_wconf 84' lang='grc' dir='ltr'><strong><em>έπίνευσιν</em></strong></span> <span class='ocrx_word' id='word_1_201' title='bbox 1141 2425 1195 2476; x_wconf 91' lang='grc' dir='ltr'><strong><em>τοῦ</em></strong></span> 
     </span>
    </p>
   </div>
   <div class='ocr_carea' id='block_1_4' title="bbox 181 2586 1196 2733">
    <p class='ocr_par' dir='ltr' id='par_1_4' title="bbox 181 2586 1196 2733">
     <span class='ocr_line' id='line_1_24' title="bbox 252 2586 1196 2666; baseline 0.001 -20"><span class='ocrx_word' id='word_1_202' title='bbox 252 2597 330 2646; x_wconf 82' lang='grc'><strong><em>3-9</em></strong></span> <span class='ocrx_word' id='word_1_203' title='bbox 353 2586 482 2647; x_wconf 73' lang='grc' dir='ltr'><strong><em>Ααεελοε.</em></strong></span> <span class='ocrx_word' id='word_1_204' title='bbox 512 2592 576 2665; x_wconf 61' lang='lat' dir='ltr'><strong><em>Sim}</em></strong></span> <span class='ocrx_word' id='word_1_205' title='bbox 598 2592 710 2658; x_wconf 76' lang='lat' dir='ltr'><strong>Quaest.</strong></span> <span class='ocrx_word' id='word_1_206' title='bbox 735 2598 770 2646; x_wconf 78' lang='lat'><strong><em>40</em></strong></span> <span class='ocrx_word' id='word_1_207' title='bbox 802 2594 898 2664; x_wconf 80' lang='lat' dir='ltr'>Migne</span> <span class='ocrx_word' id='word_1_208' title='bbox 921 2593 951 2646; x_wconf 84' lang='lat' dir='ltr'><strong><em>T.</em></strong></span> <span class='ocrx_word' id='word_1_209' title='bbox 972 2599 1021 2666; x_wconf 79' lang='lat'><strong><em>89,</em></strong></span> <span class='ocrx_word' id='word_1_210' title='bbox 1041 2595 1139 2649; x_wconf 68' lang='grc'>6851.</span> <span class='ocrx_word' id='word_1_211' title='bbox 1159 2626 1196 2636; x_wconf 90' lang='lat'><em>-</em></span> 
     </span>
     <span class='ocr_line' id='line_1_25' title="bbox 181 2662 515 2733; baseline 0.003 -16"><span class='ocrx_word' id='word_1_212' title='bbox 181 2669 213 2717; x_wconf 90' lang='lat'><strong><em>11</em></strong></span> <span class='ocrx_word' id='word_1_213' title='bbox 233 2662 253 2716; x_wconf 90' lang='grc' dir='ltr'><strong><em>Ι.</em></strong></span> <span class='ocrx_word' id='word_1_214' title='bbox 269 2662 337 2733; x_wconf 76' lang='lat' dir='ltr'>Reg.</span> <span class='ocrx_word' id='word_1_215' title='bbox 354 2670 458 2732; x_wconf 74' lang='lat'>14‚18;</span> <span class='ocrx_word' id='word_1_216' title='bbox 474 2669 515 2718; x_wconf 86' lang='lat'><strong><em>19.</em></strong></span> 
     </span>
    </p>
   </div>
   <div class='ocr_carea' id='block_1_5' title="bbox 179 2803 1196 3371">
    <p class='ocr_par' dir='ltr' id='par_1_5' title="bbox 179 2803 1196 3371">
     <span class='ocr_line' id='line_1_26' title="bbox 253 2803 1196 2876; baseline 0.008 -18"><span class='ocrx_word' id='word_1_217' title='bbox 253 2812 267 2858; x_wconf 85' lang='lat'>1</span> <span class='ocrx_word' id='word_1_218' title='bbox 292 2804 470 2874; x_wconf 89' lang='grc' dir='ltr'><strong><em>ἀδαμαντίου</em></strong></span> <span class='ocrx_word' id='word_1_219' title='bbox 489 2806 595 2861; x_wconf 86' lang='lat' dir='ltr'>CNPR</span> <span class='ocrx_word' id='word_1_220' title='bbox 616 2803 808 2876; x_wconf 87' lang='grc' dir='ltr'><strong><em>άδαμαυτείου</em></strong></span> <span class='ocrx_word' id='word_1_221' title='bbox 826 2808 852 2860; x_wconf 88' lang='lat' dir='ltr'>A</span> <span class='ocrx_word' id='word_1_222' title='bbox 874 2803 1068 2876; x_wconf 84' lang='grc' dir='ltr'><strong><em>ἀδαμαντίνου</em></strong></span> <span class='ocrx_word' id='word_1_223' title='bbox 1084 2807 1196 2866; x_wconf 83' lang='lat' dir='ltr'><strong>BFGV.</strong></span> 
     </span>
     <span class='ocr_line' id='line_1_27' title="bbox 181 2876 1196 2950; baseline 0.005 -20"><span class='ocrx_word' id='word_1_224' title='bbox 181 2908 214 2917; x_wconf 94' lang='lat'>-</span> <span class='ocrx_word' id='word_1_225' title='bbox 233 2883 250 2930; x_wconf 88' lang='lat'>4</span> <span class='ocrx_word' id='word_1_226' title='bbox 270 2876 285 2932; x_wconf 86' lang='grc' dir='ltr'>ἔ</span> <span class='ocrx_word' id='word_1_227' title='bbox 301 2895 379 2941; x_wconf 85' lang='grc' dir='ltr'><strong><em>οντες</em></strong></span> <span class='ocrx_word' id='word_1_228' title='bbox 393 2877 413 2932; x_wconf 81' lang='lat' dir='ltr'>C</span> <span class='ocrx_word' id='word_1_229' title='bbox 427 2884 453 2933; x_wconf 81' lang='lat' dir='ltr'><strong><em>et</em></strong></span> <span class='ocrx_word' id='word_1_230' title='bbox 465 2876 488 2930; x_wconf 93' lang='lat' dir='ltr'>B</span> <span class='ocrx_word' id='word_1_231' title='bbox 502 2897 536 2932; x_wconf 89' lang='lat' dir='ltr'><strong><em>m.</em></strong></span> <span class='ocrx_word' id='word_1_232' title='bbox 550 2883 570 2933; x_wconf 84' lang='lat'><strong><em>2</em></strong></span> <span class='ocrx_word' id='word_1_233' title='bbox 583 2896 651 2935; x_wconf 76' lang='grc' dir='ltr'><strong><em>οων.</em></strong></span> <span class='ocrx_word' id='word_1_234' title='bbox 667 2909 702 2917; x_wconf 89' lang='grc'>-</span> <span class='ocrx_word' id='word_1_235' title='bbox 720 2877 911 2948; x_wconf 82' lang='grc' dir='ltr'><strong><em>γεγραμμένας</em></strong></span> <span class='ocrx_word' id='word_1_236' title='bbox 924 2878 1056 2934; x_wconf 74' lang='grc' dir='ltr'><strong><em>ΒΑαεπτ.</em></strong></span> <span class='ocrx_word' id='word_1_237' title='bbox 1075 2899 1196 2950; x_wconf 85' lang='grc' dir='ltr'><strong><em>γεγραμ-</em></strong></span> 
     </span>
     <span class='ocr_line' id='line_1_28' title="bbox 180 2945 1195 3022; baseline 0.003 -20"><span class='ocrx_word' id='word_1_238' title='bbox 180 2946 282 3016; x_wconf 79' lang='grc' dir='ltr'><strong><em>μένους</em></strong></span> <span class='ocrx_word' id='word_1_239' title='bbox 318 2980 373 3001; x_wconf 91' lang='grc'><strong><em>.-</em></strong></span> <span class='ocrx_word' id='word_1_240' title='bbox 388 2953 404 3001; x_wconf 91' lang='grc'><strong>6</strong></span> <span class='ocrx_word' id='word_1_241' title='bbox 418 2945 471 3004; x_wconf 81' lang='grc' dir='ltr'><strong><em>οὑν</em></strong></span> <span class='ocrx_word' id='word_1_242' title='bbox 484 2948 593 3005; x_wconf 82' lang='lat' dir='ltr'>BGRV</span> <span class='ocrx_word' id='word_1_243' title='bbox 607 2967 657 3004; x_wconf 78' lang='grc' dir='ltr'><strong><em>ονε.</em></strong></span> <span class='ocrx_word' id='word_1_244' title='bbox 668 2948 702 3002; x_wconf 92' lang='grc' dir='ltr'><strong><em>Η.</em></strong></span> <span class='ocrx_word' id='word_1_245' title='bbox 718 2981 752 2989; x_wconf 95' lang='grc'>-</span> <span class='ocrx_word' id='word_1_246' title='bbox 768 2955 782 3002; x_wconf 77' lang='lat'><strong><em>‘1</em></strong></span> <span class='ocrx_word' id='word_1_247' title='bbox 798 2949 955 3019; x_wconf 84' lang='grc' dir='ltr'><strong><em>καταμέσον</em></strong></span> <span class='ocrx_word' id='word_1_248' title='bbox 969 2950 1076 3022; x_wconf 61' lang='grc' dir='ltr'><strong><em>(πανΡ)</em></strong></span> <span class='ocrx_word' id='word_1_249' title='bbox 1088 2950 1143 3004; x_wconf 72' lang='grc' dir='ltr'><strong><em>ΑΡ.</em></strong></span> <span class='ocrx_word' id='word_1_250' title='bbox 1160 2983 1195 2993; x_wconf 92' lang='lat'><em>-</em></span> 
     </span>
     <span class='ocr_line' id='line_1_29' title="bbox 181 3018 1195 3091; baseline 0.005 -18"><span class='ocrx_word' id='word_1_251' title='bbox 181 3024 197 3073; x_wconf 89' lang='lat'>8</span> <span class='ocrx_word' id='word_1_252' title='bbox 216 3020 362 3075; x_wconf 83' lang='grc' dir='ltr'><strong><em>ὑποτιθῶν</em></strong></span> <span class='ocrx_word' id='word_1_253' title='bbox 381 3019 434 3073; x_wconf 86' lang='lat' dir='ltr'><strong><em>PR</em></strong></span> <span class='ocrx_word' id='word_1_254' title='bbox 455 3021 603 3086; x_wconf 78' lang='grc' dir='ltr'><strong><em>ὑποτιθείς</em></strong></span> <span class='ocrx_word' id='word_1_255' title='bbox 620 3019 694 3075; x_wconf 75' lang='lat' dir='ltr'><strong><em>FGV</em></strong></span> <span class='ocrx_word' id='word_1_256' title='bbox 717 3018 863 3076; x_wconf 82' lang='grc' dir='ltr'><strong><em>ὑποτίθων</em></strong></span> <span class='ocrx_word' id='word_1_257' title='bbox 881 3020 941 3075; x_wconf 79' lang='lat' dir='ltr'>rell.</span> <span class='ocrx_word' id='word_1_258' title='bbox 961 3053 996 3062; x_wconf 87' lang='lat'><em>-</em></span> <span class='ocrx_word' id='word_1_259' title='bbox 1017 3027 1033 3076; x_wconf 82' lang='grc'>9</span> <span class='ocrx_word' id='word_1_260' title='bbox 1052 3020 1195 3091; x_wconf 81' lang='grc' dir='ltr'><strong><em>εὑρίσκετο</em></strong></span> 
     </span>
     <span class='ocr_line' id='line_1_30' title="bbox 180 3089 1196 3162; baseline 0.005 -18"><span class='ocrx_word' id='word_1_261' title='bbox 180 3089 309 3145; x_wconf 79' lang='lat' dir='ltr'>BFGPR</span> <span class='ocrx_word' id='word_1_262' title='bbox 326 3097 352 3146; x_wconf 78' lang='lat' dir='ltr'><strong><em>et</em></strong></span> <span class='ocrx_word' id='word_1_263' title='bbox 365 3093 390 3145; x_wconf 89' lang='lat' dir='ltr'>A</span> <span class='ocrx_word' id='word_1_264' title='bbox 410 3093 457 3147; x_wconf 82' lang='grc' dir='ltr'><strong><em>εοά</em></strong></span> <span class='ocrx_word' id='word_1_265' title='bbox 474 3111 488 3146; x_wconf 87' lang='grc' dir='ltr'><strong><em>ε</em></strong></span> <span class='ocrx_word' id='word_1_266' title='bbox 506 3094 538 3146; x_wconf 77' lang='lat' dir='ltr'><strong><em>in</em></strong></span> <span class='ocrx_word' id='word_1_267' title='bbox 556 3094 595 3147; x_wconf 72' lang='lat' dir='ltr'><strong><em>lit.</em></strong></span> <span class='ocrx_word' id='word_1_268' title='bbox 614 3089 760 3162; x_wconf 82' lang='grc' dir='ltr'><strong><em>ηὑρίσκετο</em></strong></span> <span class='ocrx_word' id='word_1_269' title='bbox 775 3091 853 3146; x_wconf 81' lang='lat' dir='ltr'><strong><em>ONV</em></strong></span> <span class='ocrx_word' id='word_1_270' title='bbox 862 3092 960 3146; x_wconf 76' lang='lat' dir='ltr'><strong>Anast.</strong></span> <span class='ocrx_word' id='word_1_271' title='bbox 979 3125 1015 3134; x_wconf 91' lang='lat'>-</span> <span class='ocrx_word' id='word_1_272' title='bbox 1034 3099 1068 3148; x_wconf 91' lang='lat'><strong><em>10</em></strong></span> <span class='ocrx_word' id='word_1_273' title='bbox 1085 3097 1196 3150; x_wconf 84' lang='grc' dir='ltr'><strong><em>θᾶττον</em></strong></span> 
     </span>
     <span class='ocr_line' id='line_1_31' title="bbox 181 3161 1196 3235; baseline 0.003 -18"><span class='ocrx_word' id='word_1_274' title='bbox 181 3162 221 3225; x_wconf 83' lang='grc' dir='ltr'><strong><em>είς</em></strong></span> <span class='ocrx_word' id='word_1_275' title='bbox 238 3163 287 3217; x_wconf 87' lang='grc' dir='ltr'><strong><em>τὸν</em></strong></span> <span class='ocrx_word' id='word_1_276' title='bbox 305 3161 426 3231; x_wconf 87' lang='grc' dir='ltr'><strong><em>πόλεμον</em></strong></span> <span class='ocrx_word' id='word_1_277' title='bbox 439 3162 490 3217; x_wconf 84' lang='lat' dir='ltr'><strong><em>RV</em></strong></span> <span class='ocrx_word' id='word_1_278' title='bbox 508 3167 616 3219; x_wconf 85' lang='grc' dir='ltr'><strong><em>θᾶττον</em></strong></span> <span class='ocrx_word' id='word_1_279' title='bbox 634 3181 685 3218; x_wconf 83' lang='grc' dir='ltr'><strong><em>ουτ.</em></strong></span> <span class='ocrx_word' id='word_1_280' title='bbox 700 3162 729 3216; x_wconf 75' lang='lat' dir='ltr'><strong><em>F.</em></strong></span> <span class='ocrx_word' id='word_1_281' title='bbox 749 3194 784 3202; x_wconf 95' lang='lat'>—</span> <span class='ocrx_word' id='word_1_282' title='bbox 804 3170 835 3217; x_wconf 85' lang='lat'><strong><em>11</em></strong></span> <span class='ocrx_word' id='word_1_283' title='bbox 855 3163 906 3225; x_wconf 80' lang='grc' dir='ltr'><strong><em>τὰς</em></strong></span> <span class='ocrx_word' id='word_1_284' title='bbox 924 3181 974 3220; x_wconf 85' lang='lat' dir='ltr'><strong><em>om.</em></strong></span> <span class='ocrx_word' id='word_1_285' title='bbox 988 3164 1022 3220; x_wconf 90' lang='lat' dir='ltr'><strong><em>N.</em></strong></span> <span class='ocrx_word' id='word_1_286' title='bbox 1043 3195 1077 3206; x_wconf 87' lang='lat'><strong><em>——</em></strong></span> <span class='ocrx_word' id='word_1_287' title='bbox 1096 3170 1130 3219; x_wconf 77' lang='lat' dir='ltr'><strong><em>1ss</em></strong></span> <span class='ocrx_word' id='word_1_288' title='bbox 1150 3184 1196 3235; x_wconf 81' lang='grc' dir='ltr'><strong><em>γε·</em></strong></span> 
     </span>
     <span class='ocr_line' id='line_1_32' title="bbox 179 3231 1195 3306; baseline 0.002 -18"><span class='ocrx_word' id='word_1_289' title='bbox 179 3231 213 3288; x_wconf 94' lang='grc' dir='ltr'><strong><em>νό</em></strong></span> <span class='ocrx_word' id='word_1_290' title='bbox 247 3253 297 3297; x_wconf 85' lang='grc' dir='ltr'><strong><em>νος</em></strong></span> <span class='ocrx_word' id='word_1_291' title='bbox 318 3233 404 3288; x_wconf 81' lang='lat' dir='ltr'>HLR.</span> <span class='ocrx_word' id='word_1_292' title='bbox 429 3266 464 3275; x_wconf 96' lang='lat'>—</span> <span class='ocrx_word' id='word_1_293' title='bbox 492 3239 525 3289; x_wconf 76' lang='lat'><strong><em>17</em></strong></span> <span class='ocrx_word' id='word_1_294' title='bbox 549 3236 598 3289; x_wconf 83' lang='grc' dir='ltr'><strong><em>καλ</em></strong></span> <span class='ocrx_word' id='word_1_295' title='bbox 620 3251 672 3289; x_wconf 80' lang='grc' dir='ltr'><strong><em>ονε.</em></strong></span> <span class='ocrx_word' id='word_1_296' title='bbox 690 3233 776 3288; x_wconf 77' lang='lat' dir='ltr'><strong>ABG.</strong></span> <span class='ocrx_word' id='word_1_297' title='bbox 800 3266 836 3275; x_wconf 91' lang='lat'>-</span> <span class='ocrx_word' id='word_1_298' title='bbox 862 3240 896 3289; x_wconf 91' lang='grc'><strong><em>20</em></strong></span> <span class='ocrx_word' id='word_1_299' title='bbox 917 3235 1053 3291; x_wconf 79' lang='grc' dir='ltr'><strong><em>έπιτιθῶν</em></strong></span> <span class='ocrx_word' id='word_1_300' title='bbox 1077 3237 1139 3305; x_wconf 71' lang='grc' dir='ltr'><strong><em>(ῶν</em></strong></span> <span class='ocrx_word' id='word_1_301' title='bbox 1158 3236 1195 3306; x_wconf 80' lang='lat' dir='ltr'><strong><em>V)</em></strong></span> 
     </span>
     <span class='ocr_line' id='line_1_33' title="bbox 180 3303 1196 3371; baseline 0.003 -13"><span class='ocrx_word' id='word_1_302' title='bbox 180 3303 201 3358; x_wconf 81' lang='lat' dir='ltr'>O</span> <span class='ocrx_word' id='word_1_303' title='bbox 228 3304 280 3358; x_wconf 86' lang='lat' dir='ltr'><strong><em>RV</em></strong></span> <span class='ocrx_word' id='word_1_304' title='bbox 297 3312 322 3359; x_wconf 76' lang='lat' dir='ltr'><strong><em>et</em></strong></span> <span class='ocrx_word' id='word_1_305' title='bbox 339 3311 371 3360; x_wconf 77' lang='lat' dir='ltr'><strong><em>ut</em></strong></span> <span class='ocrx_word' id='word_1_306' title='bbox 388 3306 443 3361; x_wconf 84' lang='grc' dir='ltr'><strong><em>αι’ά.</em></strong></span> <span class='ocrx_word' id='word_1_307' title='bbox 458 3304 480 3358; x_wconf 89' lang='lat' dir='ltr'>L</span> <span class='ocrx_word' id='word_1_308' title='bbox 497 3324 532 3361; x_wconf 89' lang='grc' dir='ltr'><strong><em>ιιι.</em></strong></span> <span class='ocrx_word' id='word_1_309' title='bbox 547 3313 563 3362; x_wconf 92' lang='grc'>1</span> <span class='ocrx_word' id='word_1_310' title='bbox 588 3303 725 3361; x_wconf 80' lang='grc' dir='ltr'><strong><em>έπιτίθων</em></strong></span> <span class='ocrx_word' id='word_1_311' title='bbox 743 3305 795 3359; x_wconf 86' lang='grc' dir='ltr'><strong><em>ΑΝ</em></strong></span> <span class='ocrx_word' id='word_1_312' title='bbox 818 3306 955 3371; x_wconf 76' lang='grc' dir='ltr'><strong><em>ἐπιτιθείς</em></strong></span> <span class='ocrx_word' id='word_1_313' title='bbox 972 3306 1026 3362; x_wconf 83' lang='lat' dir='ltr'><strong><em>BG</em></strong></span> <span class='ocrx_word' id='word_1_314' title='bbox 1044 3314 1069 3362; x_wconf 80' lang='lat' dir='ltr'><strong><em>et</em></strong></span> <span class='ocrx_word' id='word_1_315' title='bbox 1086 3307 1107 3359; x_wconf 87' lang='lat' dir='ltr'>L</span> <span class='ocrx_word' id='word_1_316' title='bbox 1126 3312 1196 3362; x_wconf 79' lang='lat' dir='ltr'><strong><em>m.2</em></strong></span> 
     </span>
    </p>
   </div>
   <div class='ocr_carea' id='block_1_6' title="bbox 179 3374 1194 3525">
    <p class='ocr_par' dir='ltr' id='par_1_6' title="bbox 179 3374 1194 3525">
     <span class='ocr_line' id='line_1_34' title="bbox 179 3374 1194 3448; baseline 0.002 -17"><span class='ocrx_word' id='word_1_317' title='bbox 179 3374 367 3444; x_wconf 71' lang='grc' dir='ltr'><strong><em>(ἐπιτιθέντος</em></strong></span> <span class='ocrx_word' id='word_1_318' title='bbox 386 3376 408 3430; x_wconf 82' lang='lat' dir='ltr'>F</span> <span class='ocrx_word' id='word_1_319' title='bbox 436 3379 485 3448; x_wconf 67' lang='lat' dir='ltr'><strong><em>qui</em></strong></span> <span class='ocrx_word' id='word_1_320' title='bbox 504 3379 585 3433; x_wconf 77' lang='lat' dir='ltr'><strong><em>verba</em></strong></span> <span class='ocrx_word' id='word_1_321' title='bbox 607 3378 719 3432; x_wconf 80' lang='grc' dir='ltr'><strong><em>οιιιυίκο</em></strong></span> <span class='ocrx_word' id='word_1_322' title='bbox 741 3380 874 3448; x_wconf 71' lang='lat' dir='ltr'><strong><em>mutavit).</em></strong></span> <span class='ocrx_word' id='word_1_323' title='bbox 899 3410 934 3418; x_wconf 89' lang='lat'><strong>—</strong></span> <span class='ocrx_word' id='word_1_324' title='bbox 957 3384 989 3432; x_wconf 87' lang='grc'><strong><em>21</em></strong></span> <span class='ocrx_word' id='word_1_325' title='bbox 1014 3379 1194 3446; x_wconf 84' lang='grc' dir='ltr'><strong><em>ἀνορθοῦντα</em></strong></span> 
     </span>
     <span class='ocr_line' id='line_1_35' title="bbox 179 3445 730 3525; baseline 0.015 -25"><span class='ocrx_word' id='word_1_326' title='bbox 179 3446 289 3501; x_wconf 73' lang='lat' dir='ltr'><strong>ABFH.</strong></span> <span class='ocrx_word' id='word_1_327' title='bbox 309 3478 344 3488; x_wconf 91' lang='lat'><strong><em>-—</em></strong></span> <span class='ocrx_word' id='word_1_328' title='bbox 363 3454 396 3503; x_wconf 92' lang='grc'><strong><em>22</em></strong></span> <span class='ocrx_word' id='word_1_329' title='bbox 415 3445 483 3525; x_wconf 74' lang='grc' dir='ltr'><strong><em>θείᾳ</em></strong></span> <span class='ocrx_word' id='word_1_330' title='bbox 500 3448 608 3517; x_wconf 82' lang='grc' dir='ltr'><strong><em>κινήσει</em></strong></span> <span class='ocrx_word' id='word_1_331' title='bbox 627 3465 677 3504; x_wconf 83' lang='grc' dir='ltr'><strong><em>σοι.</em></strong></span> <span class='ocrx_word' id='word_1_332' title='bbox 692 3447 730 3508; x_wconf 83' lang='grc' dir='ltr'><strong><em>Ν.</em></strong></span> 
     </span>
    </p>
   </div>
   <div class='ocr_carea' id='block_1_7' title="bbox 251 3589 1046 3664">
    <p class='ocr_par' dir='ltr' id='par_1_7' title="bbox 251 3589 1046 3664">
     <span class='ocr_line' id='line_1_36' title="bbox 251 3589 1046 3664; baseline 0.008 -22"><span class='ocrx_word' id='word_1_333' title='bbox 251 3595 268 3642; x_wconf 82' lang='grc'>4</span> <span class='ocrx_word' id='word_1_334' title='bbox 287 3589 374 3644; x_wconf 80' lang='grc' dir='ltr'><strong><em>αὑτοῦ</em></strong></span> <span class='ocrx_word' id='word_1_335' title='bbox 393 3592 445 3646; x_wconf 88' lang='grc' dir='ltr'><strong><em>δόο</em></strong></span> <span class='ocrx_word' id='word_1_336' title='bbox 465 3591 643 3662; x_wconf 87' lang='grc' dir='ltr'><strong><em>σμαράγδους</em></strong></span> <span class='ocrx_word' id='word_1_337' title='bbox 661 3591 683 3645; x_wconf 90' lang='grc' dir='ltr'>Ρ</span> <span class='ocrx_word' id='word_1_338' title='bbox 692 3591 791 3645; x_wconf 71' lang='lat' dir='ltr'><strong>Anast.</strong></span> <span class='ocrx_word' id='word_1_339' title='bbox 810 3621 844 3631; x_wconf 95' lang='lat'><em>-</em></span> <span class='ocrx_word' id='word_1_340' title='bbox 863 3595 879 3642; x_wconf 84' lang='grc' dir='ltr'><strong><em>ῦ</em></strong></span> <span class='ocrx_word' id='word_1_341' title='bbox 897 3594 936 3664; x_wconf 80' lang='grc' dir='ltr'><strong><em>τῷ</em></strong></span> <span class='ocrx_word' id='word_1_342' title='bbox 950 3606 1006 3650; x_wconf 73' lang='grc' dir='ltr'><strong><em>ουτ,</em></strong></span> <span class='ocrx_word' id='word_1_343' title='bbox 1015 3589 1046 3648; x_wconf 89' lang='grc' dir='ltr'><strong><em>Ρ.</em></strong></span> 
     </span>
    </p>
   </div>
   <div class='ocr_carea' id='block_1_8' title="bbox 0 0 1314 3909">
    <p class='ocr_par' dir='ltr' id='par_1_8' title="bbox 0 0 1314 3909">
     <span class='ocr_line' id='line_1_37' title="bbox 0 0 1314 3909; baseline 0 0"><span class='ocrx_word' id='word_1_344' title='bbox 0 0 1314 3909; x_wconf 95' lang='lat' dir='ltr'><strong><em> </em></strong></span> 
     </span>
    </p>
   </div>
  </div>
 </body>
</html>
