2617 3909
170 201 235 265 248
482 199 669 252 σκοεειου
687 199 870 253 κοκεκοο

171 346 217 430 ιβ’
240 351 368 430 μόσχους
395 346 445 409 καλ
473 347 509 408 τδι
535 346 776 429 δποστηρίγματα
803 345 853 409 καί
880 346 977 407 πάντα
998 345 1051 407 τὸν
1075 344 1107 406 ἒν
1130 350 1194 428 ναῷ

171 449 277 530 κυρίου
301 446 408 528 χαλκὸν
433 447 598 528 συντρίψας
621 443 773 526 ἀπήγαγεν
795 445 838 519 είς
857 447 1025 525 Βαβυλῶνα
1046 441 1098 503 καλ
1121 441 1192 521 μίν-

171 568 217 609 τοι
245 544 295 606 καί
322 544 394 617 τοὺς
421 542 546 624 λέβητας
572 542 623 605 καί
644 542 696 617 τδις
723 545 852 617 θυΐσκας
878 540 929 604 καλ
950 541 986 602 τὰ
1007 546 1117 622 πυρεῖα
1140 539 1192 600 καὶ

171 643 222 718 τὰς
250 651 359 724 χρυσᾶς
387 642 496 721 φιάλας
522 640 573 702 καί
599 640 650 714 τδις
677 639 809 722 ἀργυρᾶς
830 639 881 701 καλ
902 639 954 713 τδις
976 643 1094 719 χαλκᾶς.
1140 637 1191 698 καλ
1288 685 1290 729 g

145 740 229 803 τούκ
251 733 291 820 ἦν
314 739 446 819 σταθμὸς
469 748 522 802 τοῦ
549 744 658 820 χαλκοῦ
680 748 740 800 τῶν
767 747 881 800 σκευῶν
904 738 1034 816 πάντων,
1057 728 1101 797 ὧν
1124 736 1190 797 ἐλα-
1288 810 1289 827 χ

172 840 226 918 βεν
249 835 265 898 δ
288 835 500 920 ἀρχιμάγειρος.
537 846 596 898 τῶν
619 835 651 898 δὲ
674 835 835 899 ἐπιλοίπων
855 830 1009 897 Ἰουδαίων
1031 834 1103 908 τοὺς
1126 833 1190 895 ἐπι·
1288 830 1289 899 ζ

173 935 287 1015 σήμους
314 933 477 1018 ἀπαγαγὼν
504 933 578 1017 πρὸς
600 934 879 1015 Ναβουχοδονόσῶρ
906 933 976 1006 τοὺς
999 929 1053 1013 μὲν
1076 931 1190 994 ἕθανό-
1288 926 1289 929 '

172 1051 274 1115 τωσεν,
296 1033 367 1107 τοὺς
389 1031 422 1095 δὲ
445 1033 571 1107 δούλους
593 1030 744 1113 παρέδωκε
767 1037 829 1105 τοῖς
851 1030 992 1112 όίρχουσιν
1014 1031 1119 1110 αὐτοῦ,
1138 1029 1189 1090 τὸν

162 1125 205 1194 ’δὲ
223 1133 368 1194 Σεδεκίαν
386 1131 435 1194 ἐπὶ
454 1131 577 1204 σκότους
594 1131 784 1204 κατακλείσας
803 1134 973 1211 μυλωθρεῖν
990 1128 1188 1189 κατεδίκασεν.

132 1252 158 1291 ιο
173 1225 224 1310 ἐφ’
249 1222 286 1292 οδ
309 1227 429 1311 γέγονεν
456 1226 476 1308 ἡ
499 1227 644 1308 παντελὴς
670 1227 721 1289 καί
748 1228 850 1310 πρώτη
877 1227 985 1300 ἅλωσις
1009 1235 1062 1305 τῆς
1079 1220 1190 1305 Ἱερου-

173 1327 270 1408 σαλὴμ
298 1325 395 1389 οὐκέτι
422 1327 648 1408 βασιλευθείσης
677 1324 737 1388 δπδ
757 1321 927 1405 Ἰουδαίων,
954 1319 1017 1384 ἀλλ’
1042 1322 1103 1385 δπδ
1130 1331 1190 1396 τῶν

172 1426 333 1487 Χαλδαίων
356 1425 562 1506 κρατηθείσης.
608 1432 767 1506 τοιγαροῦν
789 1424 887 1505 τρίτον
910 1419 1190 1502 Ναβουχοδονόσωρ

175 1523 324 1604 ἐπόρθησε
356 1522 411 1602 τὴν
437 1516 643 1604 Ἰερουσαλήμ,
676 1519 716 1595 ὡς
747 1521 874 1603 εἴρηται,
905 1529 1023 1602 πρῶτον
1055 1516 1110 1598 μὲν
1141 1517 1191 1580 ἐπί
1288 1578 1290 1593 ,

169 1614 312 1700 Ἰωακείμ,
336 1619 473 1702 δεύτερον
497 1616 528 1680 δὲ
553 1619 642 1680 πόλιν
670 1617 768 1681 ἐλθὼν
791 1617 839 1681 ἐπὶ
859 1612 1013 1699 Ἰεχονίου,
1035 1616 1134 1697 τρίτον
1158 1613 1190 1676 δὲ

133 1741 158 1780 15
174 1716 411 1799 παραγενόμενος
433 1717 522 1778 πόλιν
545 1715 593 1779 ίπλ
615 1718 759 1778 Σεδεκίου
781 1716 833 1778 τὸν
854 1714 908 1796 μὲν
926 1714 1001 1776 ναὸν
1019 1712 1190 1795 ἐνέπρησεν,
1288 1716 1289 1755 ι

172 1815 225 1877 τδν
248 1812 280 1876 δὲ
304 1814 448 1876 Σεδεκίαν
471 1813 649 1894 ἒξετόφλιοσε
672 1813 723 1875 καλ
744 1814 815 1887 τοὺς
834 1813 922 1887 υίοδς
944 1813 1037 1874 αὐτοῦ
1056 1811 1113 1873 σὺν
1131 1809 1190 1872 ἕτό-

174 1936 238 1996 ροις
261 1917 381 1986 πολλοῖς
403 1910 565 1991 κατέσφαξε
587 1911 637 1974 καὶ
660 1912 693 1973 τὸ
715 1911 820 1974 λοιπὸν
842 1907 1044 1998 ᾐχμαλώτευσε
1063 1914 1189 1988 πλῆθος.

73 2035 113 2074 τεο
128 2033 160 2075 Μ.
242 2009 317 2093 Περὶ
352 2002 394 2072 ὧν
430 2009 480 2073 καὶ
512 2009 528 2072 δ
561 2009 650 2091 μέγας
681 2009 845 2092 Γρηγόριος
882 2007 1090 2088 μνημονεύσας
1121 2006 1190 2068 τάδε

174 2111 280 2190 φησίν·
304 2108 355 2170 καλ
378 2110 427 2187 ἵνα
450 2117 534 2191 παρῶ
557 2108 674 2187 δήμους
701 2106 751 2168 καλ
778 2108 878 2180 πόλεις
904 2105 955 2167 καλ
977 2106 1127 2186 βασιλείας
1148 2105 1190 2166 ἔτι

133 2231 159 2271 ιο
174 2205 205 2270 δὲ
233 2207 283 2270 καλ
309 2207 415 2289 χοροὺς
441 2205 492 2268 καλ
519 2205 661 2288 στρατοὺς
687 2204 737 2267 καλ
765 2205 867 2277 οἴκους
893 2203 944 2264 καλ
966 2213 1050 2282 νηῶν
1071 2203 1190 2283 πληρώ-

174 2329 250 2387 ματα
273 2305 323 2367 καλ
346 2306 486 2387 συζυγίας
512 2304 562 2366 καί
589 2303 731 2384 ἑταιρείας
759 2301 819 2363 δπὸ
847 2299 901 2380 μὲν
923 2300 1046 2383 εἰρήνης
1068 2319 1190 2380 συνεχο-

245 2481 358 2532 12-17
374 2477 409 2542 cf.
424 2477 479 2531 Leo
494 2476 617 2530 Gramm.
627 2491 658 2544 p.
674 2479 718 2541 45,
734 2479 757 2527 1.
772 2505 807 2514 —
827 2477 933 2542 18-1).
949 2477 1010 2540 250,
1026 2476 1058 2526 18
1074 2470 1188 2540 Gregor.

174 2548 242 2603 Naz.
258 2547 303 2604 Or.
319 2548 354 2602 de
372 2563 442 2617 pace
460 2547 482 2615 1,
498 2553 530 2601 16
549 2546 645 2616 Migne
665 2544 742 2599 Tom.
757 2549 801 2612 36,
816 2542 906 2598 7410.

246 2713 261 2762 3
280 2716 368 2776 πυρῖα
382 2707 404 2760 Β
423 2703 511 2774 πυρία
530 2705 600 2759 FLN
606 2706 628 2759 P
638 2705 721 2760 Coisl.
746 2704 833 2772 πόρια
853 2703 873 2757 O
896 2701 982 2770 πόρια
996 2702 1029 2755 Α.
1049 2734 1084 2742 -
1104 2708 1120 2755 9
1139 2722 1189 2771 μυ-

174 2782 289 2848 λοθρείν
309 2777 447 2834 CLNPR.
467 2808 501 2818 -
522 2783 555 2830 15
573 2776 804 2847 παραγενόμενος
819 2775 906 2828 AHM
924 2781 949 2828 αλ
966 2789 1036 2828 rece.
1051 2772 1188 2842 plerique.

174 2883 207 2892 —
223 2849 367 2918 ἐνίπρισεν
376 2847 464 2902 FHM.
475 2879 508 2888 —-
524 2853 557 2901 20
571 2849 680 2918 χοροὺς
694 2847 776 2902 Goisl.
795 2847 903 2918 χώρους
915 2844 1005 2899 HRV.
1018 2876 1052 2885 —
1066 2850 1099 2898 21
1116 2844 1190 2899 ἑται-

175 2918 238 2990 ρίας
254 2919 420 2974 ABDMPR
443 2916 550 2986 ἐτερίας
567 2918 593 2971 Η
617 2915 738 2988 ἑτεροίας
755 2919 785 2973 λ’.

246 3087 262 3136 8
280 3079 345 3142 τους
364 3078 585 3150 δδ-δίρχουσιν
608 3079 695 3133 αὐτοῦ
718 3095 769 3134 ουκ.
789 3078 819 3132 Ρ.
844 3109 879 3118 -
903 3083 919 3131 9
938 3080 1087 3131 κατακλεῖν
1104 3075 1135 3130 P.
1154 3106 1189 3115 —

175 3158 289 3208 13-15
313 3151 359 3206 Sic
379 3152 412 3206 ι’κι
429 3151 463 3204 P:
487 3159 598 3218 πρῶτον
621 3149 672 3219 μὲν
695 3149 741 3204 ἐπὶ
766 3149 870 3219 Ιιααιιλμ
891 3142 967 3218 ἦλθε.
984 3147 1033 3201 καλ
1056 3144 1190 3217 συνέλαβε

173 3222 223 3279 τόν
242 3241 271 3277 τε
289 3222 393 3291 ἰ’ωακίμ
411 3223 460 3276 καλ
477 3222 527 3277 τόν
546 3221 646 3290 δανιὴλ
665 3221 717 3275 σδν
734 3229 794 3284 τοῖς
806 3220 897 3290 τρισὶν
915 3220 1013 3273 παισὶν
1032 3217 1094 3279 ἔτος
1111 3217 1189 3287 ἄγον

172 3303 221 3364 τῆς
244 3291 386 3365 βασιλείας
412 3302 535 3362 πρῶτον,
560 3293 692 3360 δεύτερον
715 3293 747 3347 δὲ
769 3291 854 3346 πάλιν
878 3290 970 3345 ἐλθὼν
993 3290 1049 3344 ἐπὶ,
1064 3285 1189 3360 ϊεχονίου

174 3366 271 3436 ἔλαβεν
294 3363 381 3421 αὐτόν
399 3385 428 3420 τε
450 3365 500 3419 τδν
519 3359 643 3434 ἰεχονίαν
667 3363 716 3417 καὶ
739 3363 790 3430 τὴν
812 3362 914 3416 τούτου
938 3360 1042 3432 μητέρα
1065 3361 1114 3414 καὶ
1138 3359 1189 3414 σὺν

173 3439 212 3507 τῷ
227 3435 298 3508 ἄλλῳ
316 3435 419 3503 πλήθει
436 3435 486 3490 τόν
500 3432 649 3502 προφήτην
663 3432 787 3500 ϊεζεκιήλ.
819 3430 914 3501 τρίτον
933 3432 965 3488 δὲ
983 3451 1086 3502 παραγ.
1102 3426 1190 3491 αὖθις

174 3506 220 3558 ἐπὶ
238 3525 262 3558 κ.
277 3525 300 3559 τ.
315 3509 337 3560 λ.
358 3539 391 3547 -
418 3511 450 3560 17
469 3507 582 3566 πολλοῖς
601 3521 651 3558 om.
670 3503 700 3556 P.
723 3535 756 3543 —
778 3507 864 3557 18.19
884 3503 899 3558 δ
919 3503 1005 3572 μέγας
1028 3502 1097 3571 φησὶ
1122 3521 1189 3572 γρη-

174 3573 284 3644 γόριος·
302 3578 351 3630 καλ
370 3575 417 3630 ἵνα
435 3576 465 3628 P.
