2617 3909
535 237 725 287 XPONIKON
1096 234 1138 298 81
1237 251 1241 259 ·

123 383 158 446 δὲ
176 382 227 445 καὶ
244 383 369 462 ποιητὰς
387 383 472 463 ἔσχον
490 382 540 443 καί
558 381 746 464 συγγραφέας
763 381 813 443 καὶ
831 382 967 464 ῥήτορας,
987 382 1028 456 ὥς
1046 400 1139 461 φασιν

122 483 157 544 οί
176 481 287 560 ταύτην
310 479 451 560 κάκείνην
473 479 636 560 ἠσκημένοι
658 481 713 560 τὴν
736 485 879 563 γλῶτταν,
902 479 952 541 καί
975 480 1139 562 πυκνότερα

125 579 178 641 καί
201 579 349 660 δεινότερα
370 588 430 640 τῶν
450 572 630 658 Ἑλληνικῶν
653 573 730 640 είναι
752 578 787 638 τδι
809 579 921 640 τούτων
944 578 1140 658 ένθνμίγματα

122 678 176 740 καὶ
201 676 427 759 -ξννιομωτέρας
458 678 518 756 άμα
555 675 605 738 καὶ
636 675 805 759 βαθντέρας
836 677 888 750 τάς
918 677 1045 758 γνώμας.
1090 675 1138 737 καὶ

121 785 216 843 ταῦτα
243 774 316 857 λέγω
345 774 381 836 ού
403 775 459 855 ’την
477 770 604 836 Ἑλλάδα
627 775 798 856 σμικρύνων
828 774 936 854 φωνην
964 773 1034 836 οὐδὲ
1057 773 1141 835 έναν·
1167 795 1181 836 ε

121 875 172 934 τία
199 896 232 954 γε
261 873 335 957 αὐτῇ
363 874 583 955 παραδείγματα
610 871 759 954 παρέχων,
787 870 860 932 άλλδι
887 882 947 933 τῶν
974 871 1022 934 έπὶ
1049 872 1139 955 ταύτη

122 972 388 1052 μεγαλανχούντων
406 970 570 1032 συστέλλων
588 970 643 1050 τὴν
659 971 777 1051 γνάθον
795 968 845 1030 καὶ
863 970 918 1048 τὴν
935 967 1034 1052 ὀφρῦν
1052 993 1140 1030 κατα-

123 1077 211 1129 σπῶν
232 1068 283 1129 καί
301 1068 450 1130 διδάσκων
468 1070 509 1148 μη
527 1069 682 1154 κωμῳδεῖν
705 1072 834 1150 γλῶτταν
857 1065 984 1152 άληθείιγ
1006 1072 1140 1149 λαμπρυ-

124 1165 256 1245 νομένην
281 1164 355 1245 μηδὲ
378 1167 582 1246 βρενθύεσθαι
604 1163 658 1245 μέν
681 1164 729 1226 έπί
751 1164 849 1246 λόγοις
866 1174 1036 1249 κομψοτικη
1054 1163 1139 1248 τέχνη

122 1262 372 1344 πεποικιλμένοις,
394 1273 447 1344 τῆς
470 1261 501 1325 δὲ
524 1263 668 1343 ἀληθείας
691 1261 935 1345 γεγνμνωμένοις.
1154 1285 1181 1324 το

192 1360 254 1422 Καὶ
280 1361 335 1442 γάρ
364 1361 503 1423 ἐντεῦθεν
531 1362 562 1422 οί
586 1359 640 1440 μὲν
664 1359 758 1440 άτομά
780 1383 809 1423 τε
832 1358 883 1422 καὶ
905 1358 998 1441 άμερη
1021 1359 1140 1438 σώματα

123 1457 368 1540 προσηγόρευσαν
386 1458 436 1521 διὰ
454 1459 487 1521 τὸ
505 1457 622 1532 ἀπαθὲς
640 1457 661 1538 ἢ
680 1459 804 1539 σμικρὸν
822 1456 908 1539 άγαν,
927 1458 975 1519 άτε
994 1457 1032 1536 δὴ
1046 1457 1141 1536 τομὴν

124 1555 177 1617 καὶ
199 1557 342 1636 διαίρεσιν
371 1556 513 1630 δέξασθαι
540 1556 581 1636 μὴ
611 1557 771 1635 δυνάμενα.
817 1557 894 1618 ούτω
921 1555 977 1638 γὰρ
1000 1561 1140 1618 καλοῦσιν

124 1654 224 1716 ἐκεῖνα
255 1652 291 1714 τδι
321 1654 478 1716 λεπτότατα
509 1653 559 1714 καί
591 1653 767 1734 σμικρότατα
796 1653 930 1734 σώματα,
958 1651 978 1714 ἃ
1005 1653 1056 1714 διὰ
1082 1662 1140 1714 τῶν

125 1761 317 1834 φωταγωγῶν
339 1751 501 1832 εἰσβάλλων
524 1749 540 1812 δ
563 1752 646 1830 ἥλιος
669 1752 820 1813 δείκνυσιν
839 1751 871 1813 έν
889 1750 983 1834 ἑαυτῷ
1007 1749 1069 1812 άνω
1091 1749 1141 1812 καὶ
1155 1771 1180 1812 15

125 1847 206 1911 κάτω
238 1850 413 1929 παλλόμενα.
460 1849 491 1910 οί
520 1847 552 1910 δὲ
583 1849 676 1929 τύχην
705 1848 755 1910 καὶ
781 1846 961 1930 εἱμαρμένην
988 1847 1141 1928 ἐδόξασαν,

125 1946 178 2010 καί
199 1946 254 2026 την
277 1945 330 2026 μὲν
352 1944 531 2029 εἱμαρμένην
558 1945 776 2027 άναγκαστικην
804 1946 933 2025 δύναμιν
956 1940 1040 2008 εἷπον
1062 1940 1139 2007 εἶναι

125 2044 178 2106 καὶ
204 2053 257 2124 τῆς
284 2045 358 2123 ύλης
384 2045 548 2124 κινητικόν.
593 2045 649 2124 τὴν
678 2041 710 2105 δέ
737 2045 829 2124 τύχην
852 2041 868 2104 δ
892 2043 1018 2104 Πλάτων
1045 2042 1141 2103 αἰτίαν

125 2143 188 2222 έφη
219 2141 293 2203 κατὰ
320 2142 506 2222 συμβεβηκὸς
535 2140 698 2222 γινομένην
729 2140 749 2222 ἢ
778 2142 940 2220 ξύμπτωμα
971 2140 1089 2218 φύσεως
1121 2137 1141 2218 ἢ

126 2237 331 2322 προαιρέσεως.
364 2238 415 2300 καί
432 2249 507 2321 γοῦν
520 2240 707 2320 Δημόκριτος
724 2237 791 2322 περί
809 2239 921 2301 τούτων
935 2239 1029 2310 οίίτως
1047 2232 1139 2298 εἶπεν·
1155 2259 1182 2298 το

127 2336 179 2399 καί
201 2336 257 2419 γδιρ
279 2335 315 2396 τὰ
338 2334 392 2415 μέν
414 2336 447 2398 έκ
464 2343 540 2398 θεοῦ
558 2337 665 2410 πάντες
683 2337 795 2417 ἔχομεν,
818 2335 853 2396 τὰ
871 2333 903 2396 δὲ
922 2334 954 2396 έκ
971 2344 1024 2416 τῆς
1041 2335 1141 2414 είμαρ-

127 2433 221 2514 μένης
242 2433 292 2496 καί
315 2435 405 2515 τύχης
427 2433 477 2495 καὶ
495 2444 554 2495 τῶν
576 2434 775 2517 σμικροτάτων
794 2433 914 2495 ἐκείνων
932 2433 1075 2512 σωμάτων
1092 2431 1141 2493 καί

127 2532 285 2613 προδήλως
314 2531 486 2614 φερομένων
513 2529 576 2593 άνω
602 2530 653 2594 καί
675 2531 753 2592 κάτω
776 2528 966 2610 παλλομένων
989 2529 1038 2592 καί
1061 2552 1141 2612 περι-

127 2628 319 2709 πλεκομένων
341 2652 370 2690 τε
393 2627 444 2690 καί
465 2627 660 2708 διϊσταμένων
677 2627 727 2690 καὶ
745 2626 985 2711 περιφερομένων
1003 2627 1033 2703 έξ
1052 2627 1142 2709 ἀνάγ-

203 2833 315 2881 11-16
334 2826 499 2882 Τλτεοδοτείι,
519 2828 555 2882 ib,
574 2826 613 2881 IV
635 2827 731 2896 Migne
749 2830 800 2880 901
810 2826 841 2880 Β.
862 2858 896 2866 -
921 2831 1034 2881 16-20
1053 2827 1088 2880 ib.
1104 2824 1143 2878 V]

128 2898 226 2968 Mjgne
246 2899 338 2952 εεοΒ.
359 2930 392 2937 -
414 2902 520 2952 ιο-ιτ
538 2900 574 2954 κ.
590 2897 680 2953 οεισ.

202 3082 218 3129 2
238 3079 363 3145 γλῶσσαν
381 3075 490 3129 Ρθμ-
508 3083 526 3130 4
545 3092 688 3145 σνντο
688 3073 701 3129 έ
703 3095 754 3143 ρας
775 3075 887 3129 Rv.-
853 3074 965 3144 -ἅμα
983 3073 1032 3128 καί
1050 3074 1141 3144 βαθυ-

128 3145 213 3215 τέρας
234 3164 285 3201 σοι
300 3146 360 3200 FW
370 3146 530 3200 Theod.-
550 3153 564 3200 ’ί
585 3145 653 3216 όφρ
641 3168 677 3202 τιν
629 3095 804 3201 WOD—
823 3144 1058 3215 9κομψωτικῇΑ
1075 3163 1141 3211 κομ-

129 3225 250 3288 ψεντικγ
264 3216 289 3272 V
306 3226 431 3289 αομψικῇ
445 3217 472 3271 N
486 3225 630 3288 κωμωτικῇ
646 3217 670 3272 G
685 3219 852 3288 (κομμωτικῇ
868 3216 1040 3284 Theod.).-
1061 3219 1094 3266 10
1108 3222 1141 3284 τῇ

130 3290 216 3344 δὲάλ
216 3286 303 3363 ηθείηι
316 3287 473 3344 ΑΟΡΒβ
493 3295 524 3342 11
544 3309 574 3344 τε
591 3306 642 3344 om
658 3288 765 3344 GR-
786 3294 819 3342 14
837 3287 940 3342 ἐκεῖνοι
957 3286 1063 3340 Μὶ-
1028 3302 1141 3354 --σμι

129 3359 253 3428 κρότατα
271 3381 308 3414 κα
309 3358 490 3416 ίλεπτότατα
507 3360 642 3415 BTheod

204 3538 366 3662 Ιξνχχραφ
307 3536 417 3606 ρινφέας
430 3536 561 3592 PTh.-
581 3531 752 3606 ῦφωνήν,
736 3557 769 3602 ης
782 3533 908 3606 ἀμηγέπη
923 3531 1062 3606 μετέσχον·
1069 3535 1142 3603 (μετ-

130 3607 274 3680 έλαχονΤ
303 3608 467 3679 >PTh.—
488 3607 673 3674 ’ίξοστέλλων
691 3607 773 3661 PTh.

185 3707 329 3758 Georusgi
318 3707 500 3748 τΜοτττττεελτ
514 3705 716 3747 ed.d01300.1
966 3698 981 3745 6
