2617 3909
145 208 190 272 24
460 209 646 261 ονοματος
664 209 847 261 Momm

144 357 233 439 τηγὸς
260 355 382 437 ὀνόματι
409 357 543 437 Μάλιος,
575 356 624 418 καὶ
652 355 825 435 φθονηθεὶς
858 356 907 418 διὰ
936 357 990 436 τήν
1020 355 1162 437 ἀνδρείαν
1204 345 1209 350 ’

145 456 238 518 αὐτοῦ
260 454 320 516 ὑπό
341 477 422 527 τινος
444 460 639 536 συγκλητικοῦ
663 453 795 534 τοάνομα
820 455 1043 536 Φευρουαρίου,
1071 476 1162 536 παρε·

146 555 267 616 σκεύασε
286 552 355 626 τοὺς
373 553 585 634 συγκλητικοὺς
603 552 740 627 ἐκδιῶξαι
758 561 810 632 τῆς
828 553 940 625 πόλεως
957 552 1008 614 τὸν
1027 552 1160 614 Μάλιον.

145 647 206 714 εἶτα
237 650 411 724 ἐπελθόντες
442 650 475 712 οὶ
498 651 606 712 Γάλλοι
633 649 801 731 παρέλαβον
832 651 938 723 νυκτὸς
965 650 1020 730 τήν
1045 645 1161 730 Ῥώμην

120 748 196 812 εκαὶ
218 747 346 822 πολλοὺς
367 746 554 825 κατέσφαξαν
576 757 611 834 τῇ
635 749 730 810 εἰκάδι
752 758 806 810 τοῦ
829 747 987 830 λεγομένου
1006 749 1160 822 Σεξτιλίου

147 847 249 926 μηνός.
294 847 327 908 οὶ
346 844 379 907 δὲ
402 845 590 928 συγκλητικοὶ
611 845 731 928 γνόντες
753 846 808 926 τὴν
831 847 1006 928 παράληψιν
1032 855 1084 926 τῆς
1107 844 1161 908 πό-

146 949 217 1017 λεως
238 942 289 1005 καὶ
311 943 457 1024 φυγόντες
478 949 715 1025 προσκαλοῦνται
742 945 830 1006 πάλιν
859 943 929 1024 μετὰ
951 944 1161 1024 παρακλήσεως

146 1042 198 1104 τδν
221 1042 382 1124 στρατηγὸν
404 1041 529 1103 Μάλιον
556 1042 598 1114 είς
620 1041 802 1124 ἐπικουρίαν.
848 1038 881 1115 δς
908 1041 958 1103 καὶ
983 1040 1162 1123 συναγαγὼν

146 1144 264 1220 πλῆθος
282 1147 406 1220 στρατοῦ
424 1139 475 1201 καὶ
492 1139 673 1220 παραλαβὼν
691 1140 760 1213 τοὺς
773 1140 905 1213 Γάλλους
925 1138 1021 1201 ἀνεῖλε
1038 1139 1160 1212 πάντας.

108 1260 134 1300 1ο
147 1236 198 1299 καὶ
215 1238 362 1321 κρατήσας
380 1229 471 1312 αὖθις
489 1247 542 1318 τῆς
556 1231 669 1317 Ῥώμης
691 1236 708 1300 δ
727 1237 848 1311 Μάλιος
869 1237 919 1298 καὶ
941 1236 1088 1318 λυπηθεὶς
1111 1236 1162 1298 διὰ

147 1336 202 1416 τήν
224 1336 399 1417 παράληψιν
426 1335 518 1415 αὐτῆς
545 1335 577 1396 ἐν
600 1342 639 1420 τῷ
660 1337 798 1422 Σεξτιλίηι
827 1334 899 1415 μηνὶ
926 1334 1086 1415 ἕκολόβοισε
1109 1333 1162 1409 τὰς

147 1431 259 1514 ἡμέρας
281 1442 334 1494 τοῦ
358 1432 452 1512 μηνὸς
475 1431 516 1506 ὡς
536 1433 701 1514 δυστυχοῦς
723 1431 884 1515 γενομένου
907 1442 942 1518 τῇ
958 1426 1064 1516 Ῥώμη,
1086 1430 1162 1494 άπο-

148 1532 275 1614 χαράξας
297 1530 330 1592 τὸ
349 1529 443 1609 ὄνομα
466 1529 559 1591 αὐτοῦ
582 1529 684 1610 μηκέτι
707 1530 844 1613 λέγεσθαι
867 1531 969 1603 οὕτως.
1010 1529 1163 1610 κατασχὼν

149 1627 180 1690 δὲ
208 1628 260 1690 τὶν
287 1626 396 1708 ἐχθρὸν
423 1627 516 1689 αὐτοῦ
546 1629 752 1710 Φευρουάριον
785 1627 834 1689 καὶ
861 1626 1042 1707 ἀφελόμενος
1069 1628 1163 1690 αὐτοῦ

108 1747 134 1788 ιο
148 1725 183 1787 τδι
204 1725 374 1807 ὑπάρχοντα
400 1723 451 1786 καὶ
477 1724 592 1806 γυμνὸν
619 1723 773 1800 ἀποδύσας
799 1725 849 1788 καὶ
876 1726 1061 1810 περιειλήσας
1088 1727 1163 1804 ψιά·

148 1829 220 1884 θιον
243 1823 372 1904 θράλνον
394 1821 445 1884 καὶ
467 1824 598 1903 σχοινίον
620 1824 781 1904 περιζώσας
803 1823 933 1886 ἐκέλευσε
953 1829 1014 1897 τοῖς
1032 1824 1162 1905 ῥαβδού-

149 1944 211 2002 χοις
243 1921 361 1982 τύπτειν
393 1919 485 1981 αὐτὸν
516 1919 567 1982 καὶ
598 1919 704 2002 λέγειν·
738 1921 837 1996 ἔξελθε
871 1922 1062 2004 Φευρουάριε.
1113 1920 1165 1983 καὶ

150 2020 245 2092 οὕτως
267 2018 376 2097 ἀτίμως
398 2017 555 2098 ἐκβληθεὶς
577 2027 630 2099 τῆς
647 2014 761 2099 Ῥώμης
783 2018 934 2104 άνηρὲθη,
959 2019 1011 2081 τὸν
1034 2017 1066 2081 δὲ
1089 2020 1164 2092 Σεξ-

149 2118 241 2178 τίλιον
273 2125 354 2196 μῆνα
388 2117 593 2198 Φευρουάριον
625 2116 759 2179 ἐκάλεσεν
795 2116 836 2191 ὡς
867 2116 952 2190 άξίου
989 2115 1074 2190 ὄντος
1110 2127 1164 2179 τοῦ

37 2220 40 2233 ‘
109 2237 137 2277 κο
151 2216 314 2296 δυστυχοῦς
337 2213 431 2293 μηνὸς
453 2213 485 2275 τὸ
509 2212 604 2293 ὄνομα
628 2217 837 2298 Φευρουαρίου
859 2219 1022 2276 καλεῖσθαι.

493 2388 554 2473 [ιζ’.
587 2391 677 2474 Περὶ
699 2389 819 2474 Χάον]

218 2515 306 2577 Μετὰ
329 2512 361 2576 δὲ
384 2513 436 2576 τὸν
458 2515 672 2597 προειρημένον
686 2510 878 2598 Ἀρταξέρξην
900 2515 1020 2596 βασιλέα
1038 2520 1165 2599 Περσῶν

150 2612 317 2689 ἐβασίλευσε
334 2611 416 2685 Χόος
435 2607 451 2670 δ
469 2612 535 2685 υίὸς
553 2613 656 2694 αὑτοῦ,
679 2611 712 2688 ὃς
730 2614 897 2694 πολεμήσας
915 2615 1070 2695 Αἴγυπτον
1088 2635 1165 2696 τιαρ-

149 2730 363 2747 ——ae-

223 2799 333 2863 21-12.
349 2798 419 2859 2⁶‚8
437 2793 503 2848 Mal.
516 2810 545 2862 μ,
561 2798 621 2861 189,
636 2799 715 2864 83ης.

223 2949 239 2997 2
259 2942 451 3016 φεβρουαρίου
469 2943 558 2999 DGV.
578 2977 612 2986 -
631 2951 647 2998 5
668 2942 808 3014 σεξτηλὶου
826 2943 852 2998 R
870 2943 1027 3014 σεξστηλίοο
1045 2943 1101 2998 BN
1122 2944 1165 3010 ἐξ·

151 3012 240 3071 τιλίου
262 3016 295 3069 A.
319 3047 353 3056 -—
373 3021 389 3070 8
408 3017 456 3070 καὶ
475 3022 539 3071 οπλα
557 3033 652 3084 συναγ.
673 3032 724 3070 om.
746 3014 780 3069 N.
800 3047 833 3055 —
858 3021 890 3069 11
911 3013 1039 3090 σεξτηλίηο
1057 3015 1083 3069 R
1106 3015 1164 3081 σεξ-

153 3083 252 3160 στηλίιμ
270 3086 333 3140 ΒΝ.
352 3118 388 3128 -
412 3093 445 3141 14
464 3086 655 3159 φεβροοάριον
674 3086 731 3141 GV.
751 3117 786 3126 —
810 3092 843 3140 16
862 3087 1006 3151 ἀπολύσας
1023 3084 1110 3140 ABG.
1129 3118 1165 3128 -

154 3165 187 3212 16
206 3157 322 3226 δράϊνον
335 3157 396 3213 BG.
416 3189 451 3198 —
471 3163 504 3211 1⁷
524 3157 694 3230 φεβρουάριε
707 3155 763 3211 DG
782 3157 946 3230 βεβρουάριε
959 3157 992 3212 V.
1010 3190 1044 3199 -
1064 3161 1097 3212 18
1116 3164 1166 3281 της

152 3228 258 3292 πόλεως
275 3227 368 3303 ῥώμης
381 3228 446 3283 NR.
461 3260 496 3269 -
515 3226 654 3296 σεξτήλιον
669 3228 695 3282 R
713 3228 869 3296 σεξστήλιον
884 3229 939 3282 ΒΗ
957 3228 1116 3297 σεκστήλιον
1158 3271 1165 3283 .

153 3331 186 3339 “
206 3306 239 3354 ¹⁹
260 3300 449 3372 ⁹⁸⁶⁰⁰w²⁰²⁰v
466 3300 522 3354 na
538 3299 782 3427 ὶῗβΨὶίίιὶ.
796 3298 1166 3441 Ξώὶφλβίέιὶῗρίὶὶιῖώ,

153 3371 341 3442 φθινάσιν
355 3374 445 3441 (φενο
460 3371 495 3441 R)
510 3369 535 3424 G

225 3518 241 3566 3
259 3514 309 3568 τὸν
327 3529 378 3568 om.
393 3513 423 3568 P.
440 3545 473 3554 -
495 3520 528 3568 13
547 3514 666 3584 άποχαρ.
687 3515 736 3570 καλ
753 3515 784 3570 τὸ
798 3514 828 3567 Ρ.
843 3545 878 3554 -
898 3520 931 3568 14
951 3514 981 3569 δὲ
1000 3513 1115 3569 καὶτὸν
1134 3513 1165 3568 Ρ.

153 3615 187 3623 -
208 3590 241 3638 15
260 3583 373 3654 ψιάθου
391 3585 421 3638 P.
436 3616 472 3625 -
492 3591 524 3639 23
545 3583 576 3647 ὃς
593 3587 641 3640 καὶ
660 3589 754 3656 πολεμ.
773 3586 803 3639 P.
