2617 3909
546 244 747 296 PRAEFATIO
833 281 835 284 -
1078 246 1153 295 XLV

130 415 163 470 p.
182 394 257 468 803,
272 395 314 453 24
336 392 429 470 prais
447 395 516 469 post
533 413 563 469 p.
583 394 658 468 811,
674 394 716 452 30
734 394 919 470 postpositus
936 396 991 468 est,
1013 394 1154 453 videntur

128 484 230 561 igitur
253 481 362 542 codicis
386 480 541 559 archetypi
562 482 637 541 folia
664 483 697 541 in
719 482 831 542 falsum
852 482 952 543 locum
974 483 1154 559 pervenisse.

132 571 268 632 Librarii
291 590 398 631 nomen
420 571 452 630 in
474 570 532 629 fine
556 571 666 631 codicis
689 570 829 630 exhibent
850 571 883 630 hi
904 576 1023 631 uersus:
1063 595 1065 601 ’

228 694 442 776 Τετερμάιωται
464 690 504 772 ἣν
527 692 612 775 ὁρᾶς,
636 694 721 773 φίλι,
744 692 843 767 δέλτος
900 699 902 704 ’

225 783 260 845 ἐν
281 792 317 868 τῇ
340 784 483 864 δυστυχεῖ
500 784 583 845 πόλει
604 792 658 863 τῆς
678 777 876 864 Ἐ’νιτιδοιάρου,
953 855 955 859 ι

225 872 309 957 πόνῳ
333 870 365 934 δὲ
388 872 543 933 Νικολάου
566 864 610 955 (τε
633 866 781 955 deletum)
804 881 858 933 τοῦ
881 872 1048 934 Χωνιάτου.

202 1000 240 1059 In
258 998 392 1077 margine
411 998 481 1057 iibri
502 1000 621 1058 exstant
642 1001 734 1057 notae
751 1001 851 1058 textus
869 1001 1079 1077 argumentum
1102 998 1153 1059 ad-

132 1089 310 1160 umbrantes
332 1089 511 1165 permultae,
540 1089 721 1164 scriptorum
744 1089 865 1147 nomina
887 1090 921 1147 in
942 1091 1028 1148 textu
1049 1087 1153 1147 lauda·

133 1182 250 1255 torum,
272 1178 332 1237 loci
349 1178 515 1253 scripturae
534 1195 649 1252 sacrae,
671 1176 893 1237 interiectiones
915 1178 1011 1237 veluti
1033 1172 1154 1257 ὡραῖον,

132 1264 280 1347 φοβερόν,
293 1265 408 1346 γνώμη,
422 1264 562 1345 χρησμός,
581 1266 695 1343 scholia
711 1268 741 1324 et
754 1267 839 1324 iuxta
857 1267 933 1326 haec
949 1284 1037 1343 saepe
1054 1267 1155 1342 ipsum

135 1356 316 1430 vocabulum
340 1353 464 1434 σχόλιον.
501 1355 533 1413 Ρ.
551 1354 624 1429 115,
640 1356 659 1414 6
678 1354 825 1415 vocabulo
844 1352 1005 1435 λοχοθέτου
1026 1355 1058 1413 in
1076 1374 1154 1413 mar-

134 1448 205 1525 gine
224 1444 377 1521 adecripto
395 1444 494 1503 locum
512 1444 642 1522 genuino
661 1444 758 1503 textui
779 1444 1000 1522 interpolatum
1015 1445 1155 1520 scriptori

134 1536 183 1594 illi
206 1534 316 1609 deberi,
338 1554 367 1610 p.
390 1534 496 1606 115,7
516 1532 661 1593 vocabulo
680 1533 830 1613 Γεωρχίου
853 1533 1017 1612 genuinum
1039 1535 1156 1592 textum

135 1625 233 1683 denuo
261 1623 383 1682 initium
404 1641 524 1681 sumere
556 1622 736 1682 declaratur.
782 1622 850 1700 Ipse
877 1622 1017 1697 librarius
1044 1622 1155 1682 multos

135 1714 217 1773 loco's
241 1712 382 1786 correxit,
404 1712 515 1771 multos
537 1712 570 1770 in
592 1712 728 1789 margine
745 1712 915 1789 supplevit,
940 1713 1033 1771 etiam
1054 1713 1156 1787 plures

133 1801 269 1876 ,secunda
287 1819 394 1860 manus
413 1803 444 1859 et
462 1801 589 1860 correxit
608 1803 639 1859 et
657 1800 810 1878 supplevit
831 1801 908 1861 libro
926 1800 1062 1860 adhibito
1085 1800 1155 1859 alio.

162 1960 164 1965 .
204 1903 348 1970 cizensis
367 1898 407 1968 65
427 1899 492 1989 (ολ)
521 1908 696 1968 chartaceus
719 1911 766 1967 est
787 1908 899 1968 saeculi
919 1907 991 1966 XVI
1013 1908 1156 1977 foliorum

136 2018 262 2059 numero
287 1999 364 2073 379,
381 2017 419 2056 re
443 2017 513 2057 vera
538 1998 615 2057 373.
640 2015 707 2055 cum
729 1998 847 2056 numeri
870 2016 888 2056 a
913 1998 977 2056 340
1000 2014 1094 2072 usqne
1117 1995 1157 2055 ad

137 2089 202 2147 345
227 2087 334 2147 desint.
380 2086 513 2145 Praefixo
535 2088 568 2145 in
592 2086 664 2146 folio
687 2104 772 2145 verso
801 2089 919 2145 exstant
945 2086 1037 2145 verba
1064 2083 1157 2156 πόνος

138 2174 189 2236 καὶ
216 2184 315 2253 κτῆμα
342 2170 361 2253 ἡ
384 2182 522 2256 παροῦσα
548 2175 652 2254 βίβλος
678 2182 732 2234 τοῦ
759 2172 792 2234 ἐκ
817 2172 1034 2253 Μονεμβυσλοις
1061 2175 1156 2233 Νικο-

140 2264 214 2326 λάου
242 2262 409 2325 Χωνιάτου.
454 2264 600 2323 Minorem
633 2264 742 2323 codicis
771 2266 889 2341 partem
919 2264 1024 2323 eadem
1050 2281 1156 2321 manus

139 2356 267 2431 scripsit,
290 2372 368 2430 quae
386 2355 441 2413 Mo
460 2354 595 2428 confecit,
618 2355 762 2413 maiorem
784 2352 920 2413 diversae
937 2352 1024 2410 aliae.
1064 2351 1171 2422 Index,

137 2444 273 2521 capitum
295 2444 385 2503 deest.
431 2443 542 2518 Incipit
565 2442 656 2502 codex
679 2462 698 2501 a
719 2443 906 2519 praefatione
934 2442 976 2502 sic
998 2442 1157 2516 inscripta:

134 2531 290 2614 Χρονικδν
311 2531 460 2610 σύντομον
483 2530 515 2592 ἒιι
533 2530 690 2613 διαφόρων
706 2530 920 2611 χρονοχράφων
937 2527 988 2590 κοιλ
1005 2528 1156 2611 ἐξηγητῶν

134 2618 276 2702 συλλεχὲν
305 2617 336 2681 δὲ
364 2613 436 2702 (sic)
464 2617 514 2680 ιιυλ
541 2616 687 2680 συντεθὲν
713 2617 773 2681 διεδ
800 2619 952 2700 Γεωρχίου
981 2615 1156 2699 άμσιρτωλοῦ

139 2718 280 2790 μοναχυῦ.
326 2711 409 2769 Infra
437 2712 581 2786 scriptum
608 2713 653 2769 est
680 2708 840 2789 πρόλογος,
870 2727 961 2786 supra
988 2710 1156 2768 atramento

139 2801 267 2860 truciore
290 2802 321 2859 et
343 2800 411 2858 aliis
434 2800 604 2859 litterarum
627 2798 767 2858 ductibus
789 2798 835 2858 bis
856 2797 1005 2879 Γεωρχλου
1026 2804 1157 2876 μοναχοῦ

139 2898 192 2949 τοῦ
215 2885 369 2969 συγχέλου,
392 2890 485 2947 etiam
505 2888 642 2964 superius
664 2890 698 2947 in
715 2887 851 2965 margine
869 2887 1033 2947 recentiore
1050 2905 1157 2946 manu:

140 2976 279 3056 „Georgii
298 2976 431 3053 Syncelli
448 2978 637 3054 patriarchae
658 2976 766 3054 Opoht.
785 2975 928 3036 Tarasii“.
970 2975 1158 3035 Prooemium

140 3068 280 3127 mutilum
303 3070 349 3127 est
367 3066 506 3126 similiter
529 3069 621 3142 atque
638 3066 671 3124 in
689 3067 757 3140 Mo,
780 3066 839 3125 nisi
863 3066 943 3142 quod
966 3066 1074 3123 lacuna
1095 3063 1158 3122 iam

135 3176 159 3215 :a
180 3154 237 3234 τὴν
260 3152 408 3216 ὑπόδεσιν
429 3176 458 3232 p.
479 3158 541 3230 4,1
566 3156 688 3214 διοίσουσι
711 3157 810 3215 sumit.
847 3155 884 3213 In
906 3155 979 3214 folio
1004 3154 1037 3212 3r
1058 3153 1158 3229 ipsum

140 3246 301 3305 chronicon
323 3244 431 3321 incipit
453 3246 643 3321 inscriptum:
668 3243 809 3319 Σάνοψις
831 3240 891 3304 άιιδ
914 3250 967 3320 τῆς
989 3248 1042 3301 τοῦ
1061 3236 1158 3319 Ἀδὰμ

140 3333 274 3407 πλάσεως
302 3331 400 3414 μέχρις
426 3341 480 3411 τῆς
499 3326 694 3413 Ἀλεξάνδρου
721 3336 862 3411 τελευτῆς.
906 3332 999 3390 Initio
1027 3331 1159 3391 chronici

142 3424 245 3484 eadem
266 3423 375 3484 lacuna
403 3426 500 3483 exstat
529 3425 660 3499 quaein
682 3423 750 3496 Mo,
777 3420 836 3481 nisi
864 3420 945 3497 quod
969 3422 1032 3479 iam
1059 3419 1158 3480 verbis

141 3505 202 3572 εἶτα
224 3512 325 3585 κτίσας
342 3534 371 3590 p.
393 3516 421 3587 7,
436 3515 457 3572 4
475 3512 583 3588 incipit
605 3514 747 3588 utusque
771 3511 810 3569 ad
832 3507 882 3569 καλ
900 3508 1057 3587 πάμπολλοι
1079 3529 1108 3585 p.
1129 3510 1158 3582 8,

145 3604 184 3662 13
208 3604 348 3679 pertinet.
389 3602 421 3661 P.
441 3603 550 3677 43,18
571 3600 613 3661 sic
631 3600 816 3659 inscribitur:
836 3592 923 3677 Ἀρχὴ
942 3605 995 3675 τῆς
1015 3604 1068 3657 τοῦ
1086 3612 1158 3654 συν-
