2617 3909
192 222 258 286 240
505 222 692 273 Γουεοεου
709 222 892 273 nonaxon

192 369 405 453 άσυγγνάστως
428 369 629 450 ἀπεστέρησεν.
676 362 740 430 ἀλλ’
765 366 902 448 εύδήλον.
948 368 1003 448 τήν
1026 365 1081 447 μέν
1106 391 1210 451 πατρι-
1293 368 1294 413 3

191 468 249 548 κήν
276 467 412 548 ἀσέβειαν
439 466 488 528 καί
515 466 696 550 κακουργίαν
726 465 828 546 ἐπειδή
854 466 1035 546 ἐμιμήσαντο
1059 465 1155 546 μηδὲν
1180 467 1211 528 έκ
1293 474 1294 511 λ

191 577 244 646 τής
266 566 387 627 ἐκείνων
409 567 544 638 παιδείας
566 564 616 626 καὶ
634 566 775 646 τιμωρίας
792 565 919 643 πάμπαν
939 564 1210 647 σωφρονισθέντες,
1293 606 1294 609 =

192 664 247 742 τήν
271 662 302 724 δέ
326 663 484 741 μετάνοιαν
507 663 606 724 αὐτῶν
628 662 679 724 καλ
702 662 885 744 ἐπιστροφήν
908 659 964 724 ούκ
985 663 1147 742 ἐζήλωσαν,
1171 664 1210 724 εἰ·
1293 716 1294 747 ;

166 762 286 834 εκότως
314 758 330 821 δ
359 761 473 835 δίκαιος
500 760 600 842 κριτής
623 757 671 822 ἐπ’
697 760 828 834 ἐκείνους
856 759 910 839 μέν
932 761 1010 846 ῥητῷ
1033 760 1133 847 χρόνῳ
1156 763 1210 840 τήν

193 859 336 940 τιμωρίαν
359 860 546 941 περιώρισεν,
573 860 697 931 τούτους
725 857 757 920 δέ
784 857 924 938 οὐδεμιᾶς
945 858 1053 938 ήξίωσε
1076 861 1210 940 συγγνό-

194 981 266 1038 μης,
294 955 387 1031 άλλως
410 980 439 1018 τε
467 955 499 1018 δὲ
526 956 576 1017 καλ
603 957 700 1017 πάντα
727 966 864 1038 προορῶν
887 955 903 1018 δ
926 957 998 1030 θεὸς
1021 956 1058 1017 τὰ
1084 957 1209 1036 ἐσόμενα

193 1054 243 1116 καὶ
266 1056 420 1136 γινώσκων
443 1054 567 1117 ἑκάστου
590 1054 640 1114 καὶ
663 1055 715 1117 τὸν
737 1054 847 1134 τρόπον
869 1053 919 1114 καὶ
941 1055 996 1133 τήν
1016 1056 1143 1136 γνάμήν
1161 1055 1210 1116 καλ

194 1153 301 1228 ἐτάζων
324 1155 446 1235 καρδίας
468 1151 518 1213 καὶ
540 1152 672 1233 νεφροὺς
694 1152 745 1213 καὶ
767 1162 879 1213 συνιῶν
902 1153 944 1225 εἰς
966 1153 1064 1212 πάντα
1086 1152 1124 1213 τδι
1142 1153 1210 1234 έργα

154 1273 180 1313 10
194 1249 290 1331 ήμῶν,
314 1250 364 1313 διὰ
391 1261 476 1312 τοῦτο
503 1251 621 1322 πάντως
649 1250 770 1312 ἐκείνων
798 1247 851 1329 μὲν
878 1249 1022 1330 προειδὼς
1044 1250 1102 1329 τήν
1126 1274 1211 1330 μετα-

195 1348 310 1429 μέλειαν
333 1350 410 1410 ούτω
433 1348 469 1410 τά
491 1342 554 1409 κατ’
581 1348 691 1422 αὐτούς
717 1343 921 1433 ρόκονόμήσεν,
943 1349 1057 1410 τούτων
1082 1346 1116 1409 δὲ
1138 1371 1212 1430 προ·

193 1445 310 1526 βλέπων
341 1448 396 1526 τήν
428 1445 509 1526 μέχρι
540 1444 640 1518 τέλους
677 1445 814 1526 ἀσέβειαν
845 1453 884 1530 τῷ
912 1447 1035 1532 θανάτῳ
1073 1448 1211 1508 καταλύει

193 1554 246 1622 τῆς
273 1545 452 1626 κακουργίας
479 1543 529 1604 καὶ
557 1545 790 1626 σκλήροκαρδίας
817 1567 847 1604 τε
873 1543 923 1604 καὶ
951 1545 1134 1624 δυστροπίας
1157 1546 1210 1624 τήν

193 1639 328 1720 αύξήσιν.

1293 916 1295 999 ι

1293 1002 1295 1105 λ

1293 1258 1295 1337 ι

1293 1388 1295 1483 λ

155 1759 180 1800 ιτ
253 1733 344 1820 Ὅπερ
369 1731 424 1800 οὖν
447 1737 496 1799 καὶ
517 1738 549 1800 έν
568 1745 631 1812 ταῖς
649 1738 855 1812 άποστολικαῖς
874 1727 1040 1813 διατάξεων
1057 1738 1211 1819 ύπεμφαό-
1293 1744 1294 1767 ¹

194 1860 256 1898 νων
279 1835 295 1898 δ
318 1842 402 1909 θεῖος
424 1836 510 1917 λόγος
534 1838 610 1898 ούτω
639 1839 746 1916 φησίν·
770 1837 822 1898 ε’διν
845 1836 878 1898 δέ
899 1860 944 1910 τις
966 1837 999 1898 ἐκ
1020 1839 1210 1918 παρατάξεως

194 1931 347 2018 ἁμαρτάνῃ
375 1935 521 2016 πειράζων
547 1935 599 1997 τὸν
622 1934 698 1996 θεὸν
724 1932 765 2008 ὡς
792 1935 832 2015 μή
856 1933 1008 2008 ἐπεξιόντα
1030 1941 1093 2008 τοῖς
1115 1958 1211 2014 πονη-

194 2038 272 2112 ροῖς,
300 2030 316 2092 δ
343 2041 475 2105 τοιοῦτος
506 2031 613 2112 άφεσιν
643 2031 698 2112 οόχ
725 2031 795 2112 έξει,
827 2030 883 2092 κάν
906 2030 980 2114 λέγει
1003 2027 1074 2114 παρ’
1105 2033 1208 2116 ἐαυτῷ·

195 2129 262 2191 ὅσιά
284 2153 334 2209 μοι
357 2129 470 2211 γένοιτο
494 2131 539 2192 ότι
561 2131 743 2211 πορεύσομαι
766 2130 798 2191 ἐν
821 2139 856 2215 τῇ
881 2129 1056 2215 ἀναστροφῇ
1080 2140 1135 2210 τῆς
1157 2153 1209 2192 πο-

155 2251 180 2288 εο
194 2238 288 2309 νήρᾶς
319 2251 379 2307 μου
411 2229 548 2310 καρδίας,
585 2227 634 2289 καὶ
667 2228 729 2289 τότε
764 2229 943 2307 μετανοήσω.
989 2237 1123 2302 τοιοῦτος
1154 2228 1210 2310 γὰρ

195 2324 306 2407 ἐγένετο
333 2324 383 2386 καὶ
408 2321 502 2404 Ἀμὼς
530 2324 546 2387 δ
574 2335 626 2386 τοῦ
654 2330 807 2406 Μανασσή
835 2327 909 2400 υἱός.
956 2325 1032 2404 φησὶ
1062 2327 1131 2409 γάρΙ
1160 2325 1209 2386 καὶ

194 2423 403 2505 παρελογίσατο
423 2417 518 2502 Ἀμόις
545 2423 686 2504 λογισμόν
715 2424 850 2505 πονηρὸν
876 2423 926 2486 καὶ
954 2418 1047 2486 εἶπεν·
1073 2421 1089 2484 ό
1112 2425 1208 2504 πατήρ

266 2608 281 2656 9
300 2602 402 2656 ΡεκΙω.
420 2607 501 2671 7,10;
516 2609 549 2656 32
565 2607 634 2673 (33),
650 2610 692 2658 15.
712 2636 745 2644 -
766 2609 870 2674 Ιό-μ.
886 2609 947 2671 241,
964 2609 981 2657 4
1001 2603 1094 2659 (λοοεό.
1110 2603 1207 2674 Αμοεό.

194 2673 228 2741 Π,
243 2679 285 2741 τε,
301 2679 324 2728 1.
345 2706 378 2714 -
399 2679 431 2727 19
450 2673 532 2728 Dent.
548 2680 590 2742 ιο,
607 2681 647 2729 19.

267 2822 280 2870 1
302 2817 419 2887 εύδηλυν
439 2813 481 2870 ὅτι
499 2816 553 2869 LN
576 2817 694 2887 εύδήλον
718 2817 816 2872 διὰτὸ
834 2818 872 2886 R,
895 2818 944 2887 qui
963 2817 1059 2886 ἐπειδὴ
1078 2835 1103 2872 ιι.
1120 2824 1137 2871 2
1157 2834 1206 2872 σοι.

106 2947 108 2954 ,
195 2888 312 2958 εύδήλον
332 2887 428 2957 ἐπειδὴ
447 2887 615 2958 ἐμιμήσαντο
634 2889 686 2958 τήν
704 2908 785 2957 πατρ.
797 2910 903 2943 -κακ,
918 2888 1041 2958 μηδένδ
1059 2889 1117 2942 εύδ.
1133 2889 1209 2944 ἐπει·

194 2960 230 3028 δή
243 2959 411 3029 τήν-κατι.
428 2958 594 3029 ἐμιμήσαντο
611 2959 698 3029 μηδὲν
712 2960 742 3016 Ρ,
758 2992 792 3001 -
811 2966 826 3012 2
847 2960 877 3014 ἐκ
894 2968 945 3028 τῆς
958 2977 1008 3015 σοι.
1024 2959 1045 3014 O
1064 2960 1095 3015 ἐκ
1109 2977 1159 3015 om.
1174 2960 1207 3014 R.

114 3051 117 3056 ’
194 3063 228 3073 -
256 3030 385 3101 4μετάν.
409 3031 459 3084 καὶ
483 3030 654 3101 ἐπιστροφὴν
678 3032 810 3086 αύτῶνΙι
839 3033 887 3086 καλ
916 3031 1088 3100 ἐπιστροφήν
1116 3031 1209 3086 omF

146 3161 148 3168 ¹
195 3103 288 3157 αότῶν
306 3103 355 3156 καὶ
374 3102 476 3170 ἐπιστρ.
491 3119 541 3156 om.
556 3102 586 3155 P.
602 3135 636 3142 —
657 3109 672 3155 5
692 3100 737 3157 ἐπ’
755 3100 906 3166 ἐκείνοιςΟ
926 3099 970 3157 ἐπ’
988 3100 1104 3157 ἐκείνων
1122 3102 1153 3156 Β.
1174 3135 1208 3144 -

195 3179 210 3226 9
230 3174 333 3228 συνιὼν
351 3172 533 3227 ACDFLMP
552 3180 577 3228 et
593 3190 664 3227 rece.
683 3174 813 3228 nonnulli
840 3174 944 3236 συνιείς
958 3173 992 3228 V.
1012 3206 1046 3214 —
1066 3179 1100 3227 17
1119 3173 1209 3242 ἁμαρ-

193 3244 272 3299 τάνει
285 3243 426 3298 AGDFM.
448 3277 481 3286 —
502 3250 534 3298 18
554 3241 620 3316 κάν]
640 3247 689 3299 καλ
706 3245 740 3298 N.
757 3277 790 3286 —
809 3243 873 3317 λέγή
887 3244 973 3298 BRV.
1000 3245 1072 3300 ΙκΙι
1091 3243 1157 3315 λέγή
1175 3263 1210 3300 ex

194 3313 266 3382 λέγει
284 3331 352 3370 συντ,
367 3317 421 3370 vid.
442 3347 475 3356 —
495 3322 527 3368 21
547 3316 676 3384 μαυασσή
690 3316 775 3369 AMR
837 3323 943 3385 ννασσῆ
961 3316 996 3369 Η.
1016 3348 1049 3356 -
1070 3322 1103 3370 22
1123 3315 1138 3370 δ
1158 3325 1209 3370 τοῦ

194 3392 322 3452 μανασσῆ
340 3385 402 3448 υἱὸς
420 3392 483 3440 ante
500 3386 631 3456 λογισμὸν
649 3392 774 3455 repetunt
817 3386 921 3441 FLRV.

268 3528 301 3575 10
319 3527 387 3579 Post
399 3525 477 3594 ἡμῶν
491 3526 514 3578 Ρ
526 3527 605 3579 (τάδε
623 3527 672 3580 καὶ
691 3529 743 3581 οὐκ
762 3527 836 3582 ἐστιν
854 3525 942 3590 κτίσις
959 3528 1073 3598 ἀφανής
1087 3529 1209 3584 ἐνώπιον

196 3593 282 3644 αὐτοῦ
302 3593 395 3661 (Hebr.
411 3601 435 3662 4,
451 3599 503 3664 13).
