2617 3909
190 217 254 282 154
497 218 684 271 Γεαεειοτ
701 219 885 272 κοπετοα
905 277 909 283 ,

186 373 289 446 θησαν
318 366 394 428 κατὰ
419 365 452 427 τὸ
479 365 648 448 είρημένον·
677 364 898 448 ἐξωλύθρευσας
926 368 1023 430 πάντα
1049 369 1103 431 τὸν
1131 393 1209 453 πορν

185 466 311 542 νεύοντα
333 463 393 526 άπύ
415 482 480 526 σον.
525 465 631 550 δικαίην
658 464 761 546 χάρτοι
787 466 965 546 χρησάμενοι
992 467 1067 528 κατὰ
1089 477 1151 529 τῶν
1175 469 1209 530 ἐν

186 562 315 643 Γαβαὼν
340 562 629 643 παρανενομησίτων
654 561 699 636 είς
722 561 777 640 τήν
799 561 895 645 κόρην
920 569 1011 648 θυμῷ
1029 563 1083 638 τὰς
1105 588 1208 648 τετρα-

185 661 288 733 κοσίας
319 659 452 741 χιλιάδας
482 660 655 734 έξώπλεσαυ.
700 660 859 722 παιδεῦσαι
873 657 923 737 ,δέ
950 660 1060 736 αύτούς
1088 659 1105 724 δ
1133 662 1209 736 θεὸς

157 756 350 836 σβουληθελς
380 754 421 830 ὡς
452 756 488 818 τά
519 757 607 837 ὅμοια
643 758 776 840 δρῶντας
807 756 856 818 καλ
889 756 921 819 ἐν
952 755 1052 832 άλλοις
1084 757 1141 838 μὲν
1172 760 1207 822 τὸ

184 854 278 916 κακὸν
300 859 502 935 θεωροῦντας,
523 854 557 916 ἐν
579 853 696 930 έαυτοῖς
719 854 752 918 δὲ
773 865 860 918 τοῦτο
882 861 980 918 ποιεῖν
1003 855 1059 920 ούκ
1080 855 1207 920 έθέλον-
1297 865 1300 870 '

185 975 250 1032 τας,
279 950 330 1013 καί
357 953 436 1027 άπαξ
458 951 509 1014 καὶ
536 951 583 1026 δλς
608 950 779 1034 ἡττηθῆναι
805 955 989 1036 συνεχώρησε
1015 953 1066 1016 καί
1093 955 1208 1030 πολλάς

185 1048 284 1112 αὐτῶν
306 1051 440 1132 χιλιάδας
461 1050 669 1133 ἀναιρεθῆναι.
715 1049 816 1131 ἐπειδὴ
841 1049 873 1113 δὲ
895 1046 955 1114 είδε
982 1051 1032 1114 καλ
1054 1052 1111 1132 τήν
1134 1075 1207 1115 παι-

185 1149 268 1210 δείαν
291 1148 470 1229 δεξαμένους
486 1148 538 1210 καλ
555 1155 596 1233 τῷ
614 1149 720 1232 δικαίῳ
738 1155 829 1234 θυμῷ
843 1148 1035 1229 ἐπιμένοντας
1053 1148 1207 1234 ὀλοφυρο-

144 1267 171 1307 ιο
185 1245 293 1327 μένους
323 1271 354 1310 τε
384 1246 435 1308 καλ
465 1246 560 1309 πολλὰ
589 1245 768 1329 προχέοντας
800 1247 929 1328 δάκρυα,
965 1247 1134 1330 συνήργησε
1167 1256 1209 1334 τῷ

183 1352 285 1429 σκοπῷ
317 1345 417 1407 αύτῶν
447 1344 498 1406 καί
528 1345 585 1424 τήν
615 1345 791 1426 παράνομον
819 1345 920 1425 φυλὴν
946 1342 1043 1426 άρδην
1070 1344 1205 1409 ἀπώλεσε

183 1441 262 1521 πλήν
285 1439 392 1524 ὀλίγων
410 1441 623 1525 εύαριθμήτων
640 1451 874 1524 στρατηγοῦντος
895 1440 999 1517 Φινεές
1016 1444 1086 1506 υίοῦ
1102 1439 1205 1506 Ἐλεά-

183 1541 244 1620 ζαρ.
291 1539 367 1618 φησί
389 1540 457 1620 γάρ·
483 1538 534 1600 καλ
556 1538 744 1621 ἐπεράτησαν
768 1541 800 1601 οἱ
818 1539 886 1602 υίολ
899 1534 1015 1622 Ἰσραήλ
1037 1539 1070 1602 ἐν
1092 1543 1202 1628 κυρίῳ

182 1635 233 1698 καὶ
255 1635 319 1698 ἐκεῖ
336 1633 362 1716 ἡ.
379 1637 504 1717 κιβωτὸς
531 1638 683 1718 διαθήκης
709 1639 815 1720 κυρίου
838 1637 871 1700 έν
893 1643 957 1712 ταῖς
983 1635 1107 1722 ἡμέραις
1129 1639 1203 1701 ἐκεί·

142 1755 170 1796 15
182 1757 264 1814 ναις,
295 1733 345 1795 καὶ
375 1732 479 1808 Φινεὲς
510 1734 577 1809 υίὸς
603 1738 739 1818 Ἐλεάζαρ
770 1737 840 1798 υἱοῦ
864 1729 980 1819 ’Λαρδτν
1010 1737 1204 1818 παρεστηκὼς
1297 1725 1300 1764 ⁷

183 1830 312 1894 ἐνώπιον
334 1831 428 1912 αὐτῆς
448 1832 553 1916 λέγων·
577 1833 605 1895 εἰ
625 1840 751 1914 προσθῶ
779 1833 820 1896 ἐτι
846 1833 977 1908 ἐξελθεῖν
1004 1834 1047 1908 είς
1069 1835 1202 1915 πόλεμον

182 1928 257 1990 κατά
287 1929 364 1991 υἱῶν
391 1929 534 2010 Βενιαμίν
564 1941 618 1992 τοῦ
648 1930 782 2010 ἀδελφοῦ
809 1929 910 2012 ἡμῶν,
937 1929 958 2012 ἢ
985 1933 1121 2008 mrim
1149 1931 1202 1994 καί
1299 1977 1300 2012 3

183 2020 245 2088 είπε
266 2027 382 2109 κύριος·
406 2025 550 2109 ἀνάβητε,
578 2028 623 2089 ὅτι
650 2027 757 2112 αύριον
783 2030 951 2112 παραδώσω
974 2029 1084 2104 αύτούς
1107 2029 1140 2092 έν
1163 2039 1199 2115 τῇ

181 2126 257 2207 χειρί
276 2142 341 2188 σου.
378 2125 449 2207 ὅπερ
472 2125 511 2205 δή
533 2125 585 2187 καί
606 2125 735 2208 χέχονεν.
771 2127 989 2206 πολεμήσαντες
1006 2127 1062 2248 χάρ
1080 2125 1200 2192 ἀνεῖλον

141 2244 169 2284 ευ
182 2220 211 2296 ἐξ
239 2221 339 2284 αὐτῶν
364 2224 497 2304 χιλιάδας
517 2221 565 2285 κε’
591 2223 642 2285 και
668 2234 768 2286 πᾶσαν
794 2225 849 2305 τὴν
876 2224 964 2288 πόλιν
990 2225 1090 2287 αὐτῶν
1116 2225 1199 2288 κατέ·

147 2322 300 2426 σφαξοιν
335 2319 368 2382 έν
403 2320 524 2400 στόματι
559 2323 677 2403 ρομφαί
675 2345 719 2395 ας.
764 2321 815 2384 καί
846 2322 902 2405 γάρ
933 2333 993 2384 τῶν
1027 2321 1199 2386 ἀκολάστων
1299 2327 1300 2342 ’

147 2391 296 2499 χείρους
331 2418 364 2479 οἱ
395 2417 517 2482 ἐκείνων
552 2420 864 2502 προκινδυνεύσαντες.
909 2417 1105 2540 έξαιτούντιμν
1141 2420 1198 2501 γὰρ
1299 2399 1300 2452 3

180 2524 239 2576 τῶν
260 2513 424 2593 ὁμοφύλων
446 2515 517 2590 τοὺς
534 2515 590 2596 τήν
607 2519 797 2599 παρανομίαν
817 2515 1028 2596 τετολμηκότας
1046 2515 1083 2578 ού
1102 2517 1199 2595 μόνον
1299 2545 1300 2594 g

120 2633 125 2640 ·
180 2611 237 2674 ούκ
268 2610 428 2692 ἐξέδωκαν,
459 2612 533 2676 άλλά
562 2613 612 2676 καλ
638 2614 805 2697 προθύμως
831 2613 1045 2696 ὑπερήσπισαν.
1092 2607 1129 2676 οὗ
1158 2615 1197 2695 δή
1299 2609 1300 2666 ἕ

139 2731 166 2772 τε
179 2709 266 2790 χάριν
287 2708 391 2770 κοινὸν
408 2709 577 2792 ύπέστησαυ
597 2711 725 2793 ὄλεθρον
742 2711 792 2774 καὶ
810 2711 861 2774 διά
878 2712 1066 2794 προφάσεως,
1088 2722 1198 2794 καιροῦ
1299 2743 1300 2794 3

251 2887 266 2935 1
281 2881 383 2936 Psalm.
395 2888 429 2936 72
439 2885 504 2953 (73),
514 2889 556 2937 27.
567 2915 602 2925 -
617 2889 704 2936 2-12
719 2882 886 2938 Theodoret.
901 2883 931 2936 in
940 2882 1024 2937 Judd.
1035 2882 1149 2948 Quaest.
1161 2889 1195 2938 27

178 2951 361 3022 MigneTom
373 2959 416 3023 80,
426 2953 561 3010 5160.-
572 2953 698 3009 13Judd
710 2959 744 3008 20
746 2960 906 3025 2ἵεηρπ-
870 2953 1137 3010 -.21-25Τ]ιοοδ
1149 2957 1196 3011 λλ
1299 2961 1300 2986 ³

250 3094 343 3163 2χάρ
367 3099 428 3164 (om.
446 3099 500 3166 τοι)
519 3095 735 3151 FRTheod.-
759 3102 774 3150 3
794 3098 909 3188 χαβαηῦν
927 3095 1004 3152 BGV
1015 3098 1196 3223 χαῧαῶ(

179 3164 264 3256 GR)
262 3165 455 3222 FGLNR
475 3173 508 3221 13
527 3166 624 3222 ολυυι
638 3167 741 3222 LP.-
762 3173 794 3222 17
814 3167 887 3224 κατα
904 3177 960 3223 των
978 3167 1048 3223 υλων
1088 3167 1136 3222 FG
1159 3201 1197 3210 -

178 3235 304 3292 κοπιάτω
327 3237 473 3292 ABG.-
500 3243 533 3292 21
558 3234 697 3308 μαχαίρας
719 3239 839 3294 ΑΒ-
867 3245 901 3292 22
924 3240 1196 3308 προκινδυνεύοντες

177 3306 314 3362 ΗΝ-
332 3314 367 3362 24
385 3310 437 3363 οῦκ
454 3325 505 3364 om
521 3308 583 3363 GR.

249 3452 385 3536 qm&
393 3447 584 3520 χρησαμένους
606 3451 655 3504 καλ
679 3450 902 3521 ὀλοφυρομένους
924 3453 973 3506 καλ
996 3451 1132 3508 PTheod.
1158 3485 1196 3495 -

178 3521 212 3568 10
234 3522 273 3588 τῷ
292 3524 386 3590 σκοπῷ
408 3521 513 3609 αύτῶν]
536 3527 634 3644 g
591 3517 720 3597 ραθυμία
738 3523 760 3575 Ρ
784 3526 827 3592 (τῇ
846 3519 994 3598 προθυμία
1012 3523 1194 3593 Theoti).-

176 3590 212 3638 20
229 3571 421 3659 κάτέσφαξαν]
439 3589 531 3658 ἄρδην
652 3599 686 3646 25
704 3578 754 3647 καί
772 3609 822 3648 om
839 3593 869 3646 P.
