2617 3909
163 211 207 276 22
476 212 662 264 ΓΕΩΡΓΙΟΤ
680 211 863 263 MONAXOT

162 360 380 442 προσηγόρευσε
401 360 433 421 τὸ
453 358 507 439 μὲν
526 361 681 441 πράσινον,
702 358 734 420 τδ
754 357 786 420 δὲ
804 357 919 438 λευκόν,
942 359 974 420 τὸ
994 357 1026 420 δὲ
1043 359 1178 440 δούσιον,

162 458 194 519 τὸ
219 456 250 520 δὲ
273 457 402 539 βὲνετον,
425 457 612 537 ὑποθέμενος
634 457 736 530 αύτοῖς
760 455 800 531 ὡς
822 457 950 538 εὐτυχῶς
973 458 1005 518 οί
1019 467 1079 518 τῶν
1098 461 1178 538 Περ-

163 566 224 618 σῶν
235 559 370 637 Ιβασιλεῖς
391 554 532 637 φύρονται
555 555 629 635 πρὸς
646 555 716 629 τοὺς
735 555 881 634 πολέμους
904 565 1042 635 τιμῶντες
1060 555 1095 615 τά
1114 554 1177 617 τέσ-

162 672 238 736 σαρα
260 663 350 715 ταῦτα
373 659 506 734 στοιχεῖα.
552 652 602 715 καί
624 653 728 716 λοιπὸν
756 654 787 714 οί
812 654 866 732 τήν
885 647 999 733 Ῥώμην
1026 653 1177 727 οἰκοῦντες

137 753 205 824 σείς
223 751 258 812 τδι
272 750 344 834 μέρη
363 761 454 813 ταῦτα
473 749 710 833 διαμερισθέντες
728 749 778 812 καὶ
796 749 1035 831 ἀντιποιούμενοι
1053 749 1177 814 ἑκάστου

162 850 305 930 στοιχείου
322 848 373 910 καὶ
386 848 419 911 ἕν
432 850 547 924 τούτοις
565 847 776 930 ἀσχολούμενοι
793 847 844 910 καί
857 847 1063 928 ἁμιλλώμενοι,
1081 848 1177 910 ἐδόκει

162 946 267 1026 μικρὸν
294 948 346 1010 τόν
373 948 553 1026 στασιασμδν
580 957 700 1007 παῦσαι.
745 941 808 1007 ἀλλ’
837 947 929 1026 όμοις,
957 946 984 1007 εἰ
1009 944 1058 1006 καί
1085 947 1177 1007 ταῦτα

158 1038 266 1123 Ῥῶμος
289 1044 462 1126 ἐπενόησεν,
485 1044 541 1107 ούκ
563 1044 709 1106 ἐπαύσατο
733 1055 813 1105 πᾶσα
836 1041 855 1123 ή
879 1045 963 1117 πόλις
980 1039 1076 1122 Ῥώμη
1099 1061 1177 1106 σειο-

79 1155 149 1196 1611·
163 1141 236 1223 με’νη
264 1142 315 1204 καὶ
342 1145 374 1205 οί
393 1145 483 1223 δήμοι
507 1143 599 1223 αύτής
626 1136 689 1204 κατ’
716 1141 808 1204 αύτοῦ
836 1142 998 1216 στασιάζειν
1023 1140 1101 1215 ἐξότε
1124 1143 1176 1204 τὸν

123 1263 149 1303 ιο
163 1242 241 1303 ἴδιον
263 1241 395 1320 ἀδελφὸν
417 1240 542 1303 ἀνεῖλεν.
584 1241 657 1302 ὅθεν
680 1238 833 1324 ἀπορήσας
856 1239 905 1302 καὶ
925 1241 967 1313 είς
985 1239 1017 1301 τὸ
1036 1246 1176 1320 μαντεῖον

160 1337 302 1401 ἀπελθὼν
324 1339 374 1401 καλ
396 1339 595 1421 ἐπερωτήσας,
619 1333 659 1400 δι’
681 1335 720 1418 ἣν
743 1339 840 1400 αἰτίαν
863 1336 879 1399 δ
903 1338 1042 1417 διηνεκὴς
1064 1340 1176 1420 γίνεται

160 1437 288 1517 σεισμός,
311 1437 427 1519 ἐρρήθη
451 1437 530 1521 αύτῷ
549 1436 629 1517 παρὰ
648 1446 702 1516 τής
719 1438 843 1509 Πυθίοις
866 1437 971 1509 οὕτως·
995 1436 1080 1517 εἰμὴ
1104 1453 1176 1518 συχ-

160 1535 273 1617 καθίση
297 1550 344 1595 σοι
372 1533 388 1595 δ
411 1533 540 1611 ἀδελφός
562 1550 617 1595 σου
644 1533 677 1594 ἐν
700 1540 740 1617 τῷ
763 1535 902 1618 βασιλικῷ
926 1534 1044 1620 θρόνῳ,
1073 1533 1109 1595 ού
1133 1534 1174 1614 μή

160 1631 261 1714 παύση
293 1641 346 1693 τοῦ
378 1632 510 1693 σείεσθαι
542 1628 561 1710 ή
590 1630 674 1703 πόλις
705 1630 737 1692 ἐν
764 1637 828 1704 ταῖς
854 1629 977 1713 ήμίραις
1004 1649 1074 1711 σου,
1108 1630 1176 1693 ούτε

122 1725 177 1790 ισδ
206 1729 300 1808 δήμος
330 1725 470 1808 ήσυχάσει
501 1737 553 1790 τοῦ
585 1728 756 1802 στασιάζειν.
806 1727 856 1790 καὶ
886 1729 1014 1807 ποιήσας
1045 1739 1176 1812 χρυσοῦν

160 1826 325 1908 σιηθάριον
356 1826 514 1905 ἐκτύπωμοι
536 1835 589 1888 τού
616 1825 749 1904 ἀδελφοῦ
781 1825 873 1888 αύτοῦ
905 1825 954 1887 καὶ
981 1825 1048 1899 θείς
1079 1826 1111 1887 ἐν
1139 1833 1179 1911 τῷ

159 1923 273 2007 θρόνῳ,
295 1923 372 1986 ἔνθα
395 1923 526 2003 ἐκάθητο
549 1925 675 2003 πλησίον
694 1922 710 1985 δ
730 1922 857 2001 ἀδελφὸς
880 1924 973 1986 αύτού
992 1927 1059 2004 ζῶν,
1083 1924 1175 1986 ἐποιν-

159 2039 210 2082 σεν
233 2020 249 2084 δ
268 2021 385 2102 σεισμός
403 2021 509 2084 αὐτίκα
531 2020 580 2084 καὶ
598 2020 746 2101 ήσύχασεν
764 2019 783 2100 ή
803 2022 947 2101 δημοτική
966 2022 1085 2104 ταραχή.
1124 2022 1175 2084 καὶ

161 2120 255 2193 οὕτως
278 2118 472 2200 ἐβασίλευσεν,
496 2118 728 2201 συγκαθημένου
752 2118 831 2202 αύτῷ
845 2129 898 2181 τοῦ
916 2129 1027 2201 χρυσοῦ
1043 2119 1175 2182 ἐκτυπώ-

120 2239 147 2280 ιο
161 2241 251 2295 ματος
273 2227 326 2280 τοῦ
349 2216 481 2296 ἀδελφοῦ
504 2217 596 2280 αύτοῦ
614 2212 737 2296 Ῥήμου,
763 2215 813 2278 καὶ
836 2217 911 2278 εἴτι
934 2211 962 2277 δ’
983 2215 1021 2278 ἀν
1044 2216 1175 2279 ἐκέλευσε

159 2316 309 2389 θεσπίζων
339 2315 435 2396 ἔλεγεν
467 2313 508 2389 ὡς
534 2310 589 2393 ἀφ’
614 2313 721 2376 ἑαυτοῦ
748 2313 797 2374 καὶ
825 2324 878 2376 τοῦ
905 2313 1036 2392 ἀδελφοῦ
1067 2314 1173 2377 αύτοῦ·

158 2413 358 2493 ἐκελεύσαμεν,
381 2412 586 2492 ἕθεσπίσαμεν.

222 2503 255 2571 Ὁ
277 2509 366 2583 ούτδς
393 2501 449 2572 ούν
471 2505 581 2589 Ῥοῦμος
607 2510 657 2570 καὶ
684 2509 719 2570 τά
745 2509 888 2592 λεγόμενοι
911 2511 1081 2592 Βρουμάλια
1108 2510 1174 2572 ἐπε-

159 2607 247 2686 νόησε
270 2606 320 2668 διὰ
342 2608 482 2687 τοιαύτην
505 2608 610 2669 αἰτίαν.
652 2606 726 2685 φασί
748 2607 805 2689 χάρ
829 2606 920 2669 αύτδυ
942 2606 991 2668 καί
1014 2606 1066 2669 τόν
1088 2606 1174 2669 ἀδελ-

231 2791 335 2856 23-μ,
351 2793 393 2853 23,
409 2792 442 2840 22
461 2786 528 2841 Mal.
544 2804 573 2856 p.
590 2791 650 2853 178,
666 2792 765 2858 l'lsqq.

230 2952 246 3000 9
262 2945 336 3012 ἐξότε
351 2946 389 3016 (ἐξ
404 2944 449 3001 ὅτε
460 2946 688 3016 GPR)AGNPR
697 2947 763 3001 Mal.
784 2946 812 3012 ἐξ
828 2945 893 3002 ὅτου
906 2947 1016 3002 BFGV.
1030 2980 1064 2988 -
1079 2954 1112 3002 12
1128 2948 1174 3018 ἐρ-

159 3016 234 3087 ρήθη
249 3017 378 3072 BCDFP
397 3016 500 3087 ἐρρέθη
515 3018 652 3073 AGHRV
663 3019 727 3073 Mal.
746 3050 780 3058 —
799 3016 957 3089 συχιιοιθίση
977 3018 1028 3072 OD
1047 3023 1173 3089 συγκαθ-

158 3088 211 3158 ήση
230 3089 252 3142 Ρ
271 3086 438 3160 συχιιαθίσει
460 3090 514 3144 BR
536 3097 562 3146 et
578 3089 604 3144 V
622 3109 656 3144 m.
675 3094 695 3145 2
716 3091 748 3144 ι’νι
767 3090 823 3145 loco
842 3091 964 3145 ουυυιδο.
998 3093 1173 3161 συχναθήσει

157 3160 240 3214 ΑΕΗ.
255 3193 290 3201 -
311 3167 344 3216 14
362 3160 501 3216 παύσειΙ)
519 3161 577 3216 παύ
613 3181 661 3216 ται
673 3161 695 3216 F
707 3160 772 3216 etV
789 3179 823 3216 ικ.
840 3163 859 3215 2
877 3163 909 3216 ιἰι
922 3163 979 3217 loco
993 3163 1117 3219 ιοοιιιάο.
1138 3193 1172 3202 -

158 3230 275 3300 ἡπόλις
292 3241 342 3287 τοῦ
362 3229 488 3287 σείεσθαι
506 3233 530 3286 Β
549 3239 575 3288 et
634 3250 669 3289 οι.
685 3236 705 3286 2
722 3233 753 3286 ιἰι
773 3233 830 3286 loco
848 3249 923 3288 ευαιι.
944 3265 977 3274 -
1003 3237 1035 3286 17
1054 3230 1172 3300 πλησίον

158 3303 245 3358 αύτοῦ
265 3303 321 3358 OF.
336 3337 371 3344 —
390 3309 424 3358 19
443 3305 518 3376 αύτῷ
535 3322 569 3358 m.
585 3309 601 3358 1
619 3311 653 3360 ut
669 3304 724 3358 vid.
744 3320 778 3358 σοι
796 3304 883 3359 αύτοῦ
901 3303 954 3359 BG
974 3305 1061 3358 αὐτοῦ
1080 3303 1171 3358 ONR.

158 3405 194 3414 -
212 3379 246 3427 20
265 3374 372 3431 ἐκέλευε
389 3374 446 3430 FN.
468 3407 500 3415 —
520 3380 553 3428 21
573 3371 620 3444 ἐφ’
636 3373 697 3429 BG.
757 3413 764 3422 ..

231 3521 263 3570 15
282 3519 386 3588 χρυσὸν
404 3517 434 3572 Ρ.
456 3550 489 3559 -
509 3523 541 3570 22
560 3517 583 3570 Ρ
601 3517 666 3570 add.
686 3533 747 3571 υικκ
764 3515 845 3570 Mala
865 3513 932 3584 ὅπερ
952 3517 1019 3578 ἔθος
1037 3515 1171 3588 κατέσχεν

158 3586 186 3652 ἐξ
201 3584 310 3642 ἐκείνου
324 3589 402 3656 παρὰ
415 3598 474 3652 τοῖς
483 3588 665 3661 βασιλεύσιτδ
676 3586 765 3656 λέγειν
780 3588 958 3657 ἐκελεύσαμεν
973 3583 1171 3656 ίθεσιτίσαμεν.
