2617 3909
191 222 209 285 7
213 222 233 286 8
382 270 385 276 .
501 225 688 277 ΓΕΩΡΓΙΟΥ
705 226 888 278 MONAXOT

190 373 368 454 μαγγανείας
395 372 598 452 μεμαθηκότες
623 372 759 454 πονηρὰς
785 374 972 454 κακοτεχνίας
999 373 1123 446 θυσίαις
1155 373 1206 435 καὶ

189 477 314 543 τελεταῖς
340 469 450 544 αάτοθς
471 469 626 550 ἐτίμησαν,
654 469 709 545 οδς
731 467 816 550 ἡμεῖς
843 470 875 533 ἐκ
898 469 1055 551 διαμέτρου
1082 471 1206 551 βδελυτ-

189 570 301 648 τόμεθα
324 568 446 641 δικαίως
473 565 550 649 ἀγαν
581 566 622 641 ὡς
644 573 795 648 θεομισεῖς
821 567 871 630 καί
893 577 946 648 τῆς
968 567 1093 630 αἰωνίαν
1116 570 1206 630 κολά-

190 684 263 739 σεως
284 663 454 747 προξένους.

163 784 176 825 ο
253 759 336 825 Ἐπεί
358 762 390 826 δὲ
416 762 467 825 καί
489 762 641 843 δαιμόνων
663 763 835 844 ἐμνήσθην,
862 761 1014 846 προῦργου
1043 758 1126 843 οἶμαι
1153 765 1206 826 καὶ

188 860 255 943 περί
281 861 394 923 τούτων
420 860 471 943 ἀγε
498 861 537 941 δη
564 860 769 942 δοξαζομένων
795 861 875 944 παρὰ
903 871 962 924 τῶν
989 860 1123 924 ἐλεεινῶν
1151 861 1206 924 ἀν-

189 961 321 1041 θρώπων
347 959 398 1021 καί
424 969 478 1021 τοῦ
501 958 644 1040 ἀσβέστου
671 959 766 1041 πυρός
793 958 884 1034 ἀξίων
912 960 1104 1040 διασαφῆσαι.
1151 961 1206 1022 τὸν

188 1056 244 1140 γάρ
266 1058 379 1120 τούτων
401 1056 526 1140 ἀρχοντα
544 1062 686 1119 Σατανᾶν
708 1057 744 1120 τά
761 1063 831 1119 θεῖα
848 1058 1101 1140 προσαγορεύουσι
1118 1059 1206 1140 λόγια
1300 1099 1301 1104 =

189 1150 293 1239 (δηλοῖ
318 1154 353 1218 δέ
377 1154 509 1235 τοόνομα
535 1154 588 1217 τὸν
614 1155 784 1235 ἀποστάτην
814 1155 888 1217 κατὰ
920 1155 975 1235 την
1005 1155 1113 1235 φωνὴν
1143 1166 1205 1218 τῶν
1300 1141 1301 1158 ³

149 1247 362 1337 ιοἝβραίων),
394 1251 530 1333 ὀνομάζει
557 1251 590 1315 δὲ
617 1253 710 1315 αὐτόν
736 1252 786 1314 καί
813 1253 954 1334 διάβολον
982 1251 1022 1327 ὡς
1049 1252 1101 1315 τὸν
1128 1253 1206 1316 θεὸν

188 1352 263 1433 πρὸς
288 1351 358 1425 τοὺς
385 1351 567 1432 ἀνθρώπους
595 1361 842 1429 συκοφαντοῦντα
872 1350 923 1413 καί
950 1352 1051 1424 αὐτοῖς
1077 1374 1109 1432 γε
1141 1357 1205 1426 τοῖς

188 1448 362 1530 ἀνθρώποις
383 1449 446 1531 ἔριν
465 1449 541 1530 πρὸς
557 1447 703 1528 ἀλλήλους
725 1447 775 1510 καί
793 1449 890 1530 μάχην
907 1448 1095 1530 ἐμβάλλοντα.
1133 1450 1205 1510 τοό-
1300 1459 1301 1464 ’

188 1569 258 1620 τους
288 1543 374 1626 ἡμεῖς
404 1546 441 1608 οά
473 1547 626 1628 πονηροὺς
657 1547 687 1621 ἐξ
719 1546 810 1628 ἀρχῆς
841 1547 921 1630 παρὰ
952 1555 1004 1608 τοῦ
1033 1552 1110 1609 θεοῦ
1142 1557 1205 1609 τῶν

189 1645 266 1706 όλων
292 1644 557 1727 δημιουργηθῆναι
588 1643 689 1724 φαμὲν
719 1643 789 1708 οάδέ
820 1646 936 1708 τοιάνδε
965 1645 1109 1724 κακίστην
1141 1644 1205 1720 ἕξιν

149 1763 174 1804 ιι
188 1747 296 1822 λαχεῖν,
318 1740 391 1803 ἀλλὰ
412 1750 447 1826 τῆ
466 1751 641 1827 παρατροπῇ
665 1751 717 1822 τῆς
734 1743 856 1824 γνώμης
878 1742 936 1806 ἀπὸ
958 1753 1017 1805 τῶν
1034 1740 1206 1822 ἀμεινόνων

188 1840 230 1912 είς
251 1839 288 1900 τὰ
308 1840 394 1921 χείρω
420 1845 519 1901 πεσεῖν
546 1838 730 1923 αὐθαιρέτως
756 1840 806 1902 καί
828 1840 1037 1921 αὐτεξουσίως,
1064 1839 1115 1901 καί
1140 1847 1206 1915 τοῖς

187 1937 267 2020 παρὰ
285 1946 338 1999 τοῦ
356 1937 551 2017 πεποιηκότος
572 1944 801 2019 παρασχεθεῖσιν
824 1938 880 2000 οὐκ
897 1937 1105 2022 ἀρκεσθέντας,
1128 1936 1206 2000 ἀλλὰ
1301 1983 1302 2002 .

188 2036 328 2116 μειζόνως
350 2033 539 2118 όρεχθέντας,
561 2034 749 2110 εἰσδέξασθαι
772 2035 827 2116 μὲν
844 2045 897 2098 τοῦ
917 2037 1015 2115 τόφον
1038 2035 1071 2097 τὸ
1089 2036 1203 2118 πάθος,

187 2134 320 2196 ἐκπεσεῖν
342 2132 374 2196 δέ
396 2133 447 2195 καί
464 2143 518 2214 τῆς
535 2133 668 2215 ἀρχῆθεν
690 2134 832 2214 δοθείσης
849 2143 945 2215 τιμῆς,
968 2127 1030 2196 είτα
1049 2133 1123 2194 κατὰ
1141 2144 1205 2195 τῶν

147 2255 174 2294 εο
187 2231 359 2313 ἀνθρώπων
386 2229 427 2305 ὡς
452 2232 546 2294 είκόνι
572 2233 641 2316 θεία
669 2229 868 2311 τετιμημένων
896 2236 1036 2312 λνττῆσαι
1066 2230 1117 2292 καλ
1149 2233 1206 2294 τὸν

187 2326 251 2391 κατ’
275 2329 375 2392 αὐτῶν
402 2328 603 2403 ἀναδέξασθαι
628 2329 773 2409 πόλεμον,
800 2329 853 2391 τὸν
879 2327 911 2391 δέ
934 2329 1062 2409 ποιητην
1086 2338 1121 2414 τῆ
1146 2327 1205 2409 μὲν

186 2437 248 2489 τῶν
272 2425 365 2507 ἀγίων
396 2424 527 2509 ἀγγέλων
557 2426 710 2511 ἐπιστασία
741 2436 910 2509 φρουρῆσαι
941 2437 1001 2488 τῶν
1027 2425 1204 2509 ἀνθρώπων

187 2523 220 2585 τὸ
242 2522 342 2604 γένος,
369 2523 450 2596 ὅπως
472 2523 512 2603 μὴ
535 2525 587 2608 βίᾳ
609 2523 660 2585 καῖ
682 2525 836 2606 τυραννίδι
858 2526 1006 2607 χρώμενος
1028 2522 1044 2585 δ
1066 2523 1205 2606 ἀοράτως

259 2717 346 2781 ο-μ,
362 2717 435 2778 τοι
454 2711 619 2767 Theodoret.
634 2713 651 2768 ι.
667 2715 684 2768 ι.
699 2713 738 2766 111
756 2713 852 2784 αἱμα
871 2713 966 2768 8931).

260 2877 274 2925 1
298 2872 347 2926 καλ
368 2871 495 2942 πονηρὰς
511 2872 560 2927 FV
582 2892 645 2928 πον.
665 2874 714 2928 καί
732 2873 763 2929 G.
787 2906 821 2915 -
844 2881 860 2928 3
884 2874 932 2929 καί
951 2870 1066 2936 δικαίως
1083 2873 1139 2928 PV.
1164 2905 1202 2915 -

187 2942 254 2999 ῦδλ
272 2960 322 2998 om.
336 2942 397 2997 BR.
418 2975 452 2984 -
472 2949 488 2997 6
506 2943 525 2998 ά
544 2953 666 3000 ε-τῶν
684 2962 735 3000 om.
749 2946 779 2999 F.
794 2978 827 2985 —
847 2945 909 3018 άγε]
928 2944 976 3000 άτε
992 2944 1019 2998 Η
1037 2945 1085 3000 ἅτε
1103 2944 1202 3000 DMV.

187 3046 221 3055 —
240 3019 257 3068 8
276 3013 401 3070 οατανάν
415 3014 500 3069 AHM
557 3015 644 3072 σατάν
662 3015 696 3070 D.
716 3048 749 3057 —
770 3022 803 3070 1³
822 3025 871 3072 τοῦ
889 3025 944 3071 τῶν
964 3013 1035 3072 όλων
1053 3019 1125 3071 θεοῦ
1143 3017 1202 3070 BD

186 3085 239 3141 HV
257 3089 329 3141 θεοῦ
347 3102 397 3142 om.
412 3086 450 3140 M.
464 3118 498 3127 -
519 3093 552 3142 16
569 3083 684 3157 χείρονα
700 3089 784 3156 (ww
797 3089 832 3158 A)
846 3087 939 3141 AMR.
954 3119 987 3128 —
1007 3093 1040 3142 17
1059 3091 1202 3158 πραχθεῖ-

187 3175 232 3213 σιν
250 3156 286 3211 N.
304 3189 338 3198 -
357 3157 426 3213 άλλδι
444 3162 509 3227 μειζ.
529 3157 699 3228 όρεχθέντας
718 3175 769 3214 om.
785 3158 812 3214 C.
837 3191 870 3200 -
896 3163 929 3213 18
947 3157 1079 3229 μειζόνως
1096 3159 1205 3228 (ἀνως

186 3227 214 3282 Η
275 3228 497 3284 BNPRSuidae
515 3229 575 3284 cod.
590 3230 615 3283 A
633 3247 657 3284 v.
673 3232 811 3294 Σατανᾶς.
842 3227 1004 3300 μείζονοςΑ
1023 3228 1157 3300 μειζόνων
1175 3230 1201 3283 F

187 3297 211 3353 G
281 3300 343 3354 eod.
362 3332 396 3341 -
420 3306 454 3355 28
473 3299 500 3373 δ]
519 3301 568 3355 καλ
585 3301 607 3354 F
625 3317 676 3356 οιιι.
691 3300 756 3356 ΜΡ.
774 3333 809 3342 -
832 3300 953 3370 ἀόρατος
971 3303 1033 3372 (-ως
1049 3301 1088 3371 Μ)
1107 3299 1202 3355 ΑΒΝ.

258 3465 274 3512 2
293 3460 396 3524 αὐτοὺς
412 3478 463 3516 om.
482 3461 504 3514 P
523 3461 620 3531 (invito
633 3460 703 3530 Th).
720 3493 753 3502 -
773 3467 789 3515 6
808 3461 858 3532 ἄγε
877 3461 906 3532 (ἀ
924 3480 955 3532 γε
968 3460 1030 3531 Th.)
1045 3459 1203 3530 δοξάζομεν

187 3529 330 3594 ἐπιδεῖξαι.
358 3531 407 3586 τόν
442 3532 480 3600 ἀρ
497 3531 566 3604 (rell.
581 3534 643 3602 om.)
661 3531 743 3586 PTh.
759 3564 793 3573 —
813 3538 829 3587 8
847 3532 1048 3604 προσαγορεύει
1061 3531 1143 3585 PTh.
1162 3565 1201 3572 —

188 3606 221 3655 12
240 3599 311 3672 ἔριν]
330 3600 404 3670 ἐρεῖν
422 3554 451 3656 ἀ
470 3633 506 3643 -
526 3609 559 3657 19
578 3600 711 3672 δοθείσης
728 3607 914 3674 γυμνωθῆναι
932 3610 1012 3674 τιμῆς
1029 3603 1111 3657 PTh.
