2617 3909
184 203 250 268 316
499 205 687 258 ΓΕΩΡΓΙΟΤ
703 206 887 258 MONAXOT

184 351 237 432 μὲν
265 351 435 436 εὑρέθησαν
453 347 639 432 Ἑλληνικοῖς
665 351 892 432 ὑπομνήμασιν,
922 353 967 415 ὅτι
993 354 1115 433 σεισμὸς
1143 353 1204 436 ἐγό-

182 473 249 514 νετο
273 450 406 534 μέγιστος
426 450 477 512 καί
501 451 615 530 σκότος,
637 450 710 512 ὥστε
732 449 783 512 καί
805 449 927 532 ἀστέρας
946 462 1091 532 φανῆναι.
1129 452 1203 513 κατὰ

183 547 215 611 δὲ
238 550 309 624 τοὺς
330 549 456 632 χρόνους
478 550 602 622 τούτους
622 548 673 610 καί
693 544 835 628 Ἰώσηπος
854 550 967 631 ἱστορεῖ
983 549 1016 611 ἒν
1034 547 1134 634 ἡμέρᾳ
1151 561 1203 629 τῆς

182 657 383 727 πεντηκοστῆς
408 647 553 726 κινήσεως
579 646 630 708 καλ
657 647 772 708 κτύπου
799 646 868 719 τοὺς
899 645 993 730 ίερέας
1020 646 1202 728 ἀντιλαμβά-

156 752 291 808 σνεσθαι
312 744 466 828 πρότερον,
488 745 586 807 ἔπειτα
605 754 711 824 φωνῆς
729 743 855 827 α’λδρόας,
878 743 1033 826 ἀγγελικῆς
1051 745 1201 825 δηλονότι,

181 843 308 906 ἔνδοθεν
343 842 402 905 ἀπὸ
439 853 492 905 τού
528 843 675 905 ἐσωτάτου
707 844 788 925 ίεροῦ
818 841 953 905 ἀκούειν·
986 845 1201 924 μεταβαίνομεν
1288 863 1290 910 1

181 941 329 1003 ἐντεῦθεν.
374 939 425 1002 καλ
452 939 551 1020 μέντοι
578 938 629 1000 καλ
656 938 754 1022 ἕτερον
780 939 1018 1024 παραδοξότερον
1044 941 1201 1022 ἐξηγεῖται,
1289 1025 1290 1028 ¹

181 1037 314 1121 χρησμόν
344 1062 411 1100 τινα
441 1037 474 1100 ἕν
505 1039 596 1120 ἱεροῖς
630 1039 799 1120 γράμμασιν
831 1037 994 1119 εὑρεθῆναι
1030 1037 1201 1121 περιέχοντα
1289 1031 1290 1080 λ

182 1137 287 1217 οὕτως,
309 1133 351 1210 ὥς
372 1136 447 1198 κατὰ
468 1136 521 1198 τόν
543 1136 648 1218 καιρόν
673 1135 787 1198 ἐκεῖνον
814 1135 873 1200 άπὸ
902 1146 955 1217 τῆς
982 1137 1082 1198 αὐτῶν
1104 1138 1202 1220 χώρας
1289 1143 1290 1234 ζ

142 1257 169 1297 ιο
182 1232 263 1316 άρξει
289 1257 334 1307 τις
360 1232 522 1317 ἅνθρωπος
549 1243 602 1314 τῆς
629 1232 807 1314 οἰκουμένης
833 1236 946 1316 πάσης,
974 1232 1010 1297 δν
1032 1235 1125 1308 αὐτὸς
1148 1233 1201 1315 μὲν
1289 1239 1290 1246 ’

82 1355 122 1395 ιω
136 1355 167 1394 M.
181 1333 230 1394 ἐπί
255 1331 482 1394 Οὐεσπασιανὸν
503 1332 638 1412 ἕξείληφε
666 1337 893 1415 πεπληρῶσθαι,
924 1333 1064 1416 διήμαρτε
1093 1331 1128 1396 δὲ
1149 1343 1201 1413 τῆς

183 1430 339 1513 ἑρμηνεύεις
370 1429 403 1491 ἐκ
435 1429 600 1513 διαμέτρου.
646 1429 684 1492 ού
715 1429 771 1512 γδιρ
803 1430 901 1511 πάσης
931 1424 1018 1505 οὗτος
1049 1423 1155 1514 ἧρξεν,
1179 1429 1200 1510 δη
1289 1427 1290 1474 Ῑ

181 1528 277 1607 μόνης
299 1537 352 1608 τῆς
374 1523 495 1607 Ῥώμης·
542 1529 670 1590 λείπεται
693 1527 731 1606 δὴ
754 1521 812 1590 οὖν
837 1528 888 1590 ἐπὶ
910 1527 971 1607 τὸν
984 1529 1092 1610 κύριον
1113 1526 1200 1608 ἡμῶν
1289 1559 1290 1580 1

178 1621 296 1704 Ἰησοῦν
318 1625 448 1707 Χριστὸν
466 1635 552 1687 τούτο
570 1631 772 1708 πληροῦσθαι,
792 1627 867 1707 πρὸς
886 1626 922 1688 όν
940 1644 1034 1706 φησιν
1053 1625 1070 1688 ὁ
1089 1627 1198 1709 πατήρ·

142 1745 167 1786 τε
182 1723 300 1802 αἴτησαι
322 1716 393 1806 παρ’
418 1722 484 1802 ἐμοὶ
505 1723 556 1784 καί
579 1725 665 1786 δάσω
688 1741 736 1785 σοι
753 1724 831 1804 ἔθνη
849 1723 905 1803 τὴν
913 1727 1126 1806 ’κληρονομίαν
1146 1742 1199 1785 σου

180 1819 231 1881 καλ
252 1820 308 1900 τὴν
327 1821 501 1902 κατάσχεσίν
519 1839 575 1883 σου
592 1821 628 1882 τά
646 1820 758 1903 πέρατα
775 1831 828 1901 τῆς
845 1831 909 1904 γῆς.
947 1823 1020 1884 ὅθεν
1039 1823 1081 1894 είς
1100 1829 1200 1883 πᾶσαν

180 1919 235 1999 τὴν
257 1928 316 2000 γην
340 1918 465 2000 ἐξῆλθεν
488 1917 504 1980 δ
528 1918 665 2000 φθόγγος
692 1929 750 1980 τῶν
777 1920 866 2001 ἱερῶν
892 1919 1065 1981 ἀποστόλων
1093 1920 1197 1998 αὐτοῦ,

180 2015 231 2077 καὶ
253 2017 296 2090 είς
317 2015 353 2078 τὰ
375 2015 485 2100 πέρατα
503 2026 557 2096 τῆς
575 2015 752 2097 οἰκουμένης
770 2017 806 2079 τὰ
824 2018 940 2099 ῥήματα
957 2019 1056 2079 αὐτῶν
1075 2018 1199 2100 διαρρή-

181 2116 239 2194 δην
261 2115 466 2197 κηρυττόντων
489 2114 581 2176 αύτοῦ
603 2114 660 2194 τὴν
682 2113 780 2176 άίδιον
804 2114 898 2198 ἀρχήν
920 2138 949 2176 τε
972 2114 1022 2177 καί
1045 2117 1198 2196 βασιλείαν

140 2235 167 2276 εο
180 2213 311 2274 αίότνιον.
356 2212 419 2276 ἐπεί
446 2204 503 2274 οὖν
529 2211 603 2273 κατὰ
634 2213 687 2275 τὸν
717 2213 822 2296 καιρὸν
853 2223 958 2274 τοῦτον
991 2211 1006 2274 δ
1038 2213 1112 2286 θεὸς
1144 2213 1200 2292 την

180 2312 275 2372 κτίσιν
297 2311 541 2393 ἐδημιούργησεν,
564 2308 615 2370 καὶ
637 2317 781 2393 μαρτυρεῖ
798 2321 857 2373 τῶν
880 2309 1013 2392 δένδρων
1031 2308 1051 2390 ἡ
1070 2312 1199 2391 βλάστη

180 2427 240 2489 σις,
267 2409 341 2470 κατὰ
371 2410 427 2490 την
458 2409 547 2470 θείαν
573 2406 728 2487 ἀπόφασιν
759 2407 840 2490 μέχρι
866 2417 924 2470 νῦν
951 2407 1118 2491 ἀρχομένου
1145 2418 1200 2470 τοῦ
1289 2409 1290 2486 ,

251 2603 267 2651 2
285 2597 398 2667 Joseph.
417 2597 487 2652 Bell.
506 2596 570 2650 Jud.
586 2597 713 2665 V1‚299.
733 2629 766 2638 -
792 2602 878 2650 7-18
897 2597 998 2652 Ευεελ),
1013 2596 1047 2650 Η.
1063 2597 1131 2652 0ch
1150 2597 1199 2665 ΙΠ,

180 2673 206 2737 8,
219 2673 260 2723 10.
275 2668 387 2738 Joseph.
398 2668 468 2722 Bell.
478 2667 542 2722 Jud.
548 2667 596 2736 VI,
606 2674 658 2722 312
668 2685 706 2737 sq.
717 2699 750 2708 -
767 2674 800 2722 15
810 2668 912 2723 Ρεελω,
924 2674 948 2734 2,
960 2673 983 2723 8.
995 2700 1028 2708 -
1045 2673 1078 2722 16
1094 2668 1197 2722 Psalm.

181 2745 214 2794 18
234 2742 302 2810 (19),
324 2744 348 2793 5.
372 2771 407 2779 —
430 2743 536 2809 20-γ,
556 2745 622 2807 317,
641 2746 658 2793 4
677 2739 843 2794 Theodoret.
867 2740 897 2793 in
920 2740 1007 2793 Exod.
1028 2739 1142 2805 Quaest.
1165 2746 1197 2793 72

180 2811 276 2880 Migne
294 2811 371 2864 Tom.
392 2815 435 2878 80,
450 2815 510 2864 297.
530 2842 565 2850 -
583 2816 617 2864 22
637 2809 704 2864 Gen.
722 2817 802 2879 1,11.

250 2985 266 3033 2
286 2976 371 3050 μέγας
394 2978 474 3034 codd.
490 2987 602 3049 praeter
618 2980 674 3034 ΑΡ.
697 3012 731 3020 -
755 2985 771 3034 5
791 2977 905 3048 όιδρόως
914 3011 948 3020 -
963 2980 1079 3036 ἀκούειν
1100 2982 1199 3050 λεγού-
1289 3039 1290 3050 ,

180 3049 265 3121 σηςΙι
283 3051 404 3117 ἀθρῶως
421 3052 504 3106 etiam
522 3051 558 3104 Μ.
574 3083 608 3092 -
629 3058 662 3105 11
682 3051 889 3107 ούεσπασιανδν
906 3051 1009 3120 (-σιυδυ
1023 3052 1058 3122 A)
1072 3051 1200 3106 APEus.
1289 3059 1290 3122 g

179 3123 385 3177 ούεσπασιανοῦ
407 3124 476 3192 (εσπ.
496 3123 536 3192 Μ)
554 3121 656 3176 BFLN
683 3124 883 3178 οόεσιιεσιανού
908 3121 976 3192 (ἐστι.
996 3121 1032 3192 V)
1052 3121 1136 3178 GRV.
1163 3156 1197 3164 —
1289 3123 1290 3130 ’

181 3199 213 3247 13
233 3188 285 3246 ούν
303 3193 339 3262 δὴ
357 3192 387 3246 Μ
410 3189 461 3249 σύν
480 3194 570 3249 ουκΑ
593 3194 629 3263 δὴ
647 3211 698 3249 om.
714 3193 745 3247 R.
766 3226 799 3235 —
821 3200 853 3249 15
872 3190 941 3263 παρ’
958 3194 1026 3262 ἐμοῦ
1044 3193 1198 3249 BGPLRV

179 3263 282 3318 Psalm.
302 3296 337 3304 —
357 3270 389 3318 17
409 3267 497 3320 αὐτοῦ
516 3282 567 3323 om.
581 3263 639 3318 BL.
660 3297 694 3304 —
717 3270 749 3318 19
769 3265 912 3334 κηρύττων
933 3267 989 3336 (-ον
1009 3264 1040 3336 C)
1059 3263 1198 3320 BCNRV

179 3335 350 3401 κηρύττοντά
368 3336 397 3390 L.
417 3368 452 3376 —
470 3355 500 3390 τε
518 3352 568 3389 om.
584 3335 642 3387 BF.

251 3515 267 3562 4
285 3511 375 3566 τύπου
393 3510 423 3564 P.
437 3541 473 3551 -
492 3516 508 3562 6
527 3509 659 3564 ἀκούσειν
675 3509 697 3562 Ρ
716 3511 846 3580 (ἀκοῦσαι
864 3507 949 3582 Eua).
964 3545 997 3554 -—
1018 3518 1034 3568 8
1052 3513 1200 3584 γράμμασι

181 3577 298 3644 φάσκων
317 3581 456 3649 εὑρῆσθαι
474 3579 571 3632 ΡΕαε.
591 3610 626 3618 -
645 3585 661 3632 9
681 3579 767 3643 οὕτως
785 3599 836 3638 om.
850 3583 947 3638 PEus.
