2617 3909
529 229 719 281 Χεοντιεον
1007 255 1010 261 -
1065 229 1128 294 201

112 383 208 435 τοῦσα
239 372 377 455 ἐκατέρου
408 374 514 456 γένους
545 376 645 437 αὐτῶν
677 376 825 457 διάκρισιν
851 376 1045 457 ποιήσασθαι.
1091 369 1132 458 ἦν

111 471 170 555 γὰρ
193 471 245 534 καί
267 472 342 553 αὐτὴ
366 473 500 553 Σίβυλλα
521 474 603 535 πάνυ
626 471 673 535 ἐπ’
699 473 834 560 ἀγχινοίᾳ
852 497 881 536 τε
899 473 950 536 καλ
969 475 1061 560 σοφίᾳ
1079 474 1131 537 καλ

112 571 292 655 πολυπειρία
327 569 493 653 διαβόητος.
539 570 556 633 δ
588 570 621 634 δὲ
653 571 791 653 βασιλεὺς
826 574 978 652 νίψασθαι
1014 574 1130 648 τούτοις

112 668 279 750 προστάξας
300 668 334 731 τδ
357 669 517 750 πρόσωπον
534 670 590 750 τὴν
608 670 703 749 φάσιν
721 669 866 752 ἑκατέρων
884 670 1053 754 διέγνωκεν,
1071 681 1132 733 τῶν

113 765 170 847 μὲν
192 764 326 848 ἀρρένων
352 765 480 841 εὐτόνως
502 766 554 829 καί
576 767 724 849 ἀνδρικῶς
751 768 803 843 τὰς
825 767 912 852 όψεις
934 769 1128 850 καταψωχόν-
1157 790 1172 832 ν

112 888 189 946 των,
221 874 281 926 τῶν
312 861 346 926 δέ
376 869 509 943 θηλειῶν
540 863 661 939 ἁπαλῶς
693 865 743 927 καλ
774 866 972 948 παρειμένας,
1003 865 1044 941 ὡς
1075 866 1131 947 τὴν

112 964 290 1045 βασίλισσαν
311 967 546 1045 καταπλαγεῖσαν
573 963 655 1025 πάνυ
682 962 732 1024 καλ
760 962 860 1042 μέντοι
882 963 932 1027 καλ
955 975 1054 1026 πᾶσαν
1076 965 1132 1026 αδ-

112 1071 168 1123 τοῦ
190 1061 246 1140 τήν
267 1082 298 1122 τε
321 1059 470 1142 φρόνησιν
492 1060 543 1122 καλ
560 1061 612 1123 τόν
630 1056 726 1142 οἶκον,
743 1058 781 1123 ὃν
801 1057 1003 1146 ᾠκοδόμησεν,
1025 1063 1131 1125 ἰδοῦσα

112 1158 166 1221 κοιλ
192 1159 248 1239 τὴν
274 1157 428 1239 καθέδραν
454 1157 505 1220 καλ
531 1157 588 1238 τὴν
615 1158 724 1238 στολὴν
751 1159 844 1221 αὐτοῦ
867 1183 897 1222 τε
920 1160 970 1222 καλ
992 1171 1052 1222 τῶν
1074 1165 1132 1222 λει-

113 1265 249 1338 τουργῶν
280 1256 374 1319 αὐτοῦ
405 1255 456 1318 καλ
487 1255 540 1317 τόν
572 1257 730 1336 ίματισμδν
761 1256 812 1319 καλ
843 1257 879 1319 τδι
910 1259 1050 1342 βρώματα
1081 1257 1132 1321 καλ
1145 1279 1174 1320 ιυ

112 1365 215 1416 πᾶσαν
237 1353 293 1433 τὴν
315 1354 493 1415 κατάστασιν
514 1364 568 1416 τοῦ
587 1355 673 1416 οἴκου
690 1354 785 1417 αὐτοῦ
807 1353 857 1417 καλ
875 1354 904 1431 ἐξ
923 1354 1030 1437 ἑαυτῆς
1048 1379 1132 1439 γενο-

113 1451 191 1533 μένη
217 1446 311 1514 εἶπεν·
334 1450 482 1532 ἀληθινὸς
509 1451 526 1514 δ
554 1453 655 1533 λόγος,
683 1449 720 1514 ὃν
746 1451 863 1532 ἥκουσα
885 1453 918 1516 έν
945 1464 982 1540 τῇ
1010 1464 1048 1540 γῇ
1073 1477 1131 1535 μου

112 1548 182 1633 περλ
213 1551 326 1612 τούτων
357 1551 491 1631 πάντων,
523 1549 575 1612 καλ
605 1549 663 1612 οόκ
691 1550 853 1613 ἐπίστευον.
899 1552 949 1614 καλ
981 1553 1049 1615 ίδοδ
1076 1553 1132 1616 οὐκ

112 1648 178 1713 ἔστι
201 1649 234 1711 τδ
261 1648 354 1728 ἥμισυ
381 1647 485 1722 καθὼς
517 1646 668 1729 ἀπηγγέλη
701 1671 765 1730 μοι,
796 1649 841 1712 ότι
867 1652 989 1713 πλείονα
1015 1650 1131 1734 ἑώρακα
1170 1661 1173 1671 “

112 1744 189 1828 ὑπὲρ
212 1738 255 1808 ὧν
277 1744 401 1826 ἤκουσα.
447 1747 589 1829 μακάριαι
611 1738 668 1808 οὖν
691 1748 725 1808 αλ
744 1754 883 1829 γυναῖκες
905 1747 1009 1810 καλοί
1028 1747 1132 1824 παῖδές
1146 1768 1174 1810 ιε

113 1863 171 1907 σου
194 1845 227 1907 οί
246 1843 459 1927 παρεστηκότες
480 1838 564 1906 οὗτοι
587 1843 716 1908 ένάπιόν
739 1863 794 1908 σου
817 1845 867 1909 καλ
885 1845 1045 1921 ἀκούοντες
1062 1846 1132 1921 τοὺς

116 1943 226 2025 λόγους
253 1951 306 2022 τῆς
333 1941 507 2023 φρονήσεώς
534 1960 598 2003 σου.
643 1940 694 2003 καλ
722 1945 816 2004 δοῦσα
838 1944 917 2029 αὐτῷ
937 1946 1059 2028 χρυσίου
1082 1944 1132 2005 τά-

116 2047 211 2103 λαντα
232 2037 282 2122 ρκ’
304 2038 355 2101 καλ
377 2037 533 2119 ἡδύσματα
557 2039 651 2101 πολλὰ
674 2041 793 2123 σφόδρα
815 2040 865 2103 καλ
887 2042 994 2115 λίθους
1016 2043 1133 2121 τιμίους

115 2137 169 2201 καλ
192 2137 231 2217 δν)
253 2137 304 2200 καλ
325 2137 381 2218 τὴν
403 2146 457 2199 τοῦ
480 2135 692 2218 ὀποβαλσάμου
717 2139 811 2220 ῥίζαν,
833 2134 888 2218 ἀφ’
915 2132 951 2202 οὗ
974 2136 994 2218 ἡ
1018 2142 1133 2200 Παλαι-

116 2237 203 2315 στίνη
225 2244 312 2297 τοῦτο
335 2236 476 2317 γεώργιον
494 2235 587 2317 ἔσχεν,
610 2236 651 2310 ὥς
669 2253 764 2316 φησιν
779 2230 931 2317 Ἰώσηπος,
949 2235 1132 2317 ὑπέστρεψεν
1146 2257 1175 2298 ευ

115 2334 162 2408 είς
192 2334 248 2414 τὴν
274 2338 333 2416 γῆν
360 2333 452 2413 αὐτῆς
480 2333 773 2415 όπερεκπληττομένη
805 2335 880 2395 λίαν.
925 2333 992 2416 περί
1018 2325 1056 2413 ἧς
1082 2332 1133 2395 καλ

116 2432 134 2496 δ
158 2433 261 2514 κύριος
283 2431 358 2511 ἔφη·
380 2432 535 2511 βασίλισσα
557 2431 647 2494 νότου
671 2423 765 2510 ἦλθεν
787 2430 901 2494 ἐκτῶν
923 2432 1057 2513 περάτων
1080 2442 1134 2513 τῆς

115 2540 183 2614 γῆς,
205 2530 257 2591 λ’να
279 2530 330 2613 ἴδη
351 2528 408 2609 την
431 2530 541 2608 σοφίαν
563 2533 767 2609 Σολομῶντος.

185 2627 269 2710 Πρὸς
291 2623 328 2689 δν
351 2625 450 2708 μέντοι
472 2649 505 2709 γε
527 2625 577 2688 καλ
595 2626 691 2709 Σιράχ
710 2627 923 2711 τραγικώτερον
939 2627 1048 2710 ἔλεγεν·
1072 2633 1133 2690 Σο-

189 2796 277 2844 6-18
296 2789 341 2844 ΙΠ.
356 2790 445 2860 Regg.
462 2794 505 2858 10,
518 2795 600 2859 4sqq.
615 2822 649 2830 -
669 2796 704 2845 20
722 2789 836 2859 Joseph.
850 2789 915 2844 Ant.
931 2789 1078 2859 VIH,1'14.
1099 2822 1134 2831 -

117 2869 153 2918 κν
172 2862 272 2918 Matth
288 2867 330 2928 τε
345 2867 441 2915 42.-
462 2860 567 2915 24811
583 2865 627 2929 ιτ,
642 2866 741 2930 14ης.

190 2985 296 3056 δαέντι)
319 2985 337 3054 τ)
361 2987 414 3057 σιβ.
436 2985 524 3040 GRV.
549 3016 582 3026 —
606 2985 721 3057 σιβόλλοι
740 2983 900 3039 BFGLNR
927 2985 1025 3058 σιβόλα
1046 2985 1074 3040 G.
1098 3016 1134 3025 -

117 3063 134 3112 8
153 3058 269 3120 τοότους
281 3055 415 3112 BRV-
429 3064 445 3110 δ
459 3055 687 3129 καταφυγόντων
702 3055 752 3110 GV
769 3054 1029 3129 uoevwvxdvvva
1048 3075 1135 3110 κατα-

116 3127 266 3201 φυγόντων
287 3128 407 3183 rell.—
430 3125 593 3198 θθηλείων
616 3127 810 3183 GLNPR.-
835 3128 902 3183 άπει
903 3126 1027 3198 ρημένως
1052 3127 1132 3182 codd.

114 3207 226 3271 praeter
239 3199 376 3254 BGP—
396 3202 639 3292 λκαταπλαγῆναι
652 3198 815 3254 Μυτκῐλ-
836 3197 933 3270 1ολμα
934 3219 956 3253 τ.
972 3199 1059 3253 αὐτοῦ
1075 3197 1132 3254 GG.
1225 3221 1229 3230 ¹

118 3277 153 3326 18
167 3291 220 3341 περ
223 3270 361 3326 λπάντων
374 3270 481 3326 τούτων
494 3271 596 3325 BV.—
612 3277 645 3325 14
659 3269 792 3327 πλείονΡ
809 3219 999 3324 πλεῖονίλμ
1016 3275 1048 3324 15
1062 3269 1133 3338 ὑπὲρ

117 3293 703 3415 οα.Β(εΙιν.-16ιοο]οδιοι11-
730 3336 808 3396 οὗτοι
825 3357 876 3397 om.
895 3341 1005 3396 BV.-
1030 3346 1064 3394 19
1082 3341 1134 3412 την

116 3423 168 3470 τοῦ
188 3431 238 3470 om.
253 3413 367 3468 BG.
389 3413 619 3486 ἀποβαλσάμου(
609 3413 677 3483 (ἀπὸ
696 3415 769 3485 β)
736 3413 769 3482 Β)
787 3411 848 3466 BG.

191 3545 206 3593 1
227 3538 417 3594 αίτδνΡ.-
382 3539 600 3611 -δβασιλεδς
617 3554 669 3593 ονε.
683 3536 768 3590 Ρ.-
792 3537 879 3606 ὁμὲν
898 3536 951 3609 γὰρ
970 3538 1032 3606 ἀρρ.
1049 3537 1079 3592 P.
1099 3569 1132 3578 -

119 3616 153 3666 11
173 3619 224 3666 τοῦ
241 3628 292 3666 om.
307 3610 338 3667 Ρ
