2617 3909
549 227 751 279 PRAEFATIO
956 260 959 264 -
1068 228 1162 283 xxm

130 377 230 435 ‚inisse
253 375 343 435 index
365 376 497 451 videtur,
524 379 630 452 postea
657 376 764 435 folium
786 376 948 449 interiisse,
975 378 1091 451 inquo
1115 378 1156 438 39

137 467 241 541 priora
263 466 365 541 capita
392 465 646 542 significabantur.
691 465 727 524 In
749 466 823 526 folio
848 466 881 524 δ’
903 465 1044 525 ultimum
1067 468 1159 541 caput

133 557 261 614 notatur
283 554 394 615 verbis:
417 552 493 633 Περὶ
516 553 623 633 pexuit
645 552 697 613 ιιοὶ
721 562 774 614 rod
798 560 970 633 cepasqvoi
992 550 1157 633 ιἰιιοδηνᾶρ.

133 642 277 714 Σύνοδος
299 639 392 723 ἁγίων
414 640 481 722 περὶ
503 651 563 703 τῶν
585 639 680 723 ἁγίων
693 641 836 704 -εἰιιόνοιν,
871 644 956 703 Infra
974 642 1048 703 haec
1065 643 1157 706 verba

132 749 206 791 oum
232 736 440 792 ornamentum
471 734 586 809 pictum
614 735 644 791 et
675 733 782 791 folium
807 734 842 792 5v
865 752 993 793 vacuum
1019 733 1157 793 relictum

132 822 186 895 sit,
204 822 333 881 indicem
346 841 406 881 non
425 823 543 901 longius
558 822 767 882 continuatum
784 822 878 882 fuisso
892 824 1017 882 constat.
1052 822 1156 897 Neque

132 911 233 987 magis
256 912 355 987 ipsum
373 914 488 971 textum
506 912 587 970 ultra
604 910 760 970 Michaelis
778 911 940 987 imperium
957 915 1157 989 propagatum

133 1000 242 1073 fuisse,
270 1001 380 1076 quippe
408 999 462 1059 ubi
483 1002 576 1059 etiam
599 999 670 1059 libri
692 998 789 1061 AcD
812 999 966 1074 deficiant,
995 999 1156 1061 verisimile

131 1092 189 1147 est.
235 1088 387 1149 Praelatio
418 1090 509 1149 deest.
554 1088 637 1159 Quae
670 1110 742 1149 num
769 1090 843 1149 olim
873 1091 906 1149 in
937 1089 1037 1151 codice
1065 1090 1157 1154 tuerit

130 1177 296 1237 diiudicari
322 1180 440 1254 nequit3
473 1178 612 1255 equidem
643 1178 756 1237 librum
787 1197 854 1237 eam
885 1198 945 1238 non
974 1180 1156 1238 continuisse

131 1268 273 1327 arbitror.
309 1268 431 1327 Etenim
449 1285 516 1327 oum
533 1270 647 1344 primus
666 1269 783 1345 integer
803 1269 960 1343 quaternio
984 1268 1093 1327 afolio
1115 1270 1154 1327 15

130 1356 268 1433 incipiat,
287 1356 412 1432 praefixi
425 1357 565 1417 videntur
583 1358 674 1419 fuisse
693 1356 903 1433 quaterniones
922 1356 990 1431 duo,
1007 1355 1067 1415 duo
1082 1357 1156 1415 folia

128 1445 329 1505 intercidisse.
383 1439 520 1517 Quorum
551 1447 681 1505 alterum
712 1444 886 1506 continebat
916 1447 1046 1523 priorem
1079 1465 1156 1521 quae

130 1536 226 1611 periit
248 1534 355 1595 indicis
378 1538 508 1611 partem,
532 1537 660 1595 alterum
681 1534 950 1611 repraesentandae
974 1536 1156 1611 praefationi

131 1642 194 1683 non
217 1624 388 1685 suffecisset.
425 1624 505 1685 Ante
523 1625 621 1700 prima
644 1628 745 1683 textus
768 1624 859 1684 verba
881 1626 1038 1700 inscriptio
1058 1627 1156 1686 exstat

130 1712 352 1793 Χρονογράφος
378 1713 529 1794 Γεωργίον
557 1721 703 1791 μονοχοῦ,
735 1713 901 1793 longiorem
928 1718 998 1773 ante
1025 1714 1155 1777 indicem

131 1801 298 1863 exhibitam
325 1804 417 1863 fuisse
439 1803 601 1863 verisimile
625 1805 680 1876 est,
702 1806 737 1862 ut
759 1804 837 1863 solet
858 1804 891 1862 in
913 1803 1036 1879 reliquis
1060 1803 1154 1877 libris

130 1893 185 1968 qui
208 1892 338 1951 indicem
355 1891 476 1997 habept,
498 1892 630 1951 inscribi.
666 1892 783 1952 Ultima
800 1895 900 1952 textus
919 1892 1010 1952 verba
1033 1892 1154 1952 suntin

127 1980 258 2056 imperio
277 1981 386 2040 Leonis
405 1982 529 2041 Armeni
553 1972 595 2062 (p.
618 1982 692 2055 783,
712 1974 768 2063 15)
792 1978 842 2041 ιιοιὶ
865 1989 983 2059 πρῶτον
1005 1977 1060 2058 μὲν
1078 1986 1159 2041 κινεῖ

127 2066 207 2129 κατὰ
229 2078 289 2129 τῶν
312 2070 407 2148 ἱερῶν.
435 2069 507 2139 bui
528 2071 611 2130 deest
633 2072 716 2130 locus
739 2091 767 2146 p.
788 2072 878 2147 622
903 2067 1004 2147 ἐπειδὴ
1023 2068 1079 2150 γὰρ
1098 2068 1154 2146 τὴν

127 2177 226 2236 usque
238 2160 276 2217 ad
286 2179 313 2234 p.
321 2161 399 2235 64,6
410 2157 504 2231 θεοὺς
518 2155 666 2237 ὀνομάσαι
679 2157 730 2219 καὶ
745 2179 813 2219 eum
822 2162 941 2219 constat
953 2160 1015 2218 iam
1024 2158 1153 2219 defuisse

126 2249 163 2307 in
186 2248 265 2307 libro
289 2268 324 2307 ex
348 2267 407 2325 quo
430 2249 460 2307 B
483 2251 697 2324 deusseriptus
721 2252 774 2309 est.
820 2248 929 2307 Rubris
951 2248 1153 2323 inscriptioni·

125 2338 185 2397 bus
204 2338 301 2397 multa
315 2337 542 2416 distinguuntur
560 2338 670 2414 capita,
688 2339 740 2398 hic
755 2338 818 2398 illie
837 2337 948 2398 similia
967 2337 999 2396 in
1017 2339 1152 2415 margine

126 2426 311 2486 indicantur.
358 2426 434 2486 Sunt
458 2430 558 2487 autem
586 2428 688 2503 capita
710 2430 873 2486 maximam
894 2429 1013 2504 partem
1040 2427 1152 2503 eadem,

120 2535 207 2592 quae
230 2515 346 2590 indicis,
369 2518 488 2593 saepius
511 2519 544 2575 in
562 2516 662 2576 indice
681 2536 736 2593 pro
754 2516 917 2577 maioribus
936 2518 1035 2578 texts
1058 2518 1151 2592 parti-

125 2604 184 2664 bus
208 2593 416 2683 significantur
438 2605 590 2681 breviora,
618 2607 667 2665 hic
689 2606 753 2665 illic
775 2607 808 2666 in
836 2610 923 2665 textu
945 2605 1084 2666 breviora
1106 2608 1152 2665 in-

125 2695 270 2753 dicantur
293 2712 384 2770 quam
410 2696 442 2754 in
465 2695 571 2755 indice.
618 2696 731 2754 Textus
759 2696 968 2770 inscriptiones
991 2696 1151 2773 pleraeque

125 2788 200 2842 sunt
222 2783 382 2861 breviores,
404 2784 512 2845 indicis
536 2804 570 2843 er
592 2787 679 2861 parte
701 2803 847 2861 perquam
864 2784 1014 2844 verbosae.
1047 2784 1152 2843 Veluti

125 2892 206 2949 quae
228 2874 328 2949 prima
355 2874 388 2932 in
414 2874 512 2933 indice
542 2877 678 2950 superest
704 2873 860 2950 inscriptio
887 2874 961 2933 haec
984 2876 1042 2933 est:
1075 2870 1151 2950 Περὶ

124 2968 182 3021 τοῦ
205 2961 353 3041 μακαρίον
373 2955 440 3041 Ἰὼβ
467 2960 518 3022 ccl
541 2970 593 3041 τῆς
616 2960 709 3023 αὐτοῦ
733 2959 870 3041 ἀνδρείας
898 2960 950 3022 καὶ
972 2961 1068 3038 πάλης
1090 2969 1150 3021 τῶν

123 3048 291 3129 δαιμόνων,
314 3049 364 3110 καὶ
382 3050 427 3111 ὅτι
446 3050 478 3111 οἱ
497 3056 577 3112 θεῖοι
594 3048 713 3131 ἄγγελοι
730 3051 904 3111 διακονοῦσι
926 3049 996 3123 τοὺς
1013 3048 1150 3130 ἀγαθοὺς

123 3136 322 3219 ἀνθρώπους,
344 3138 395 3201 nal
418 3139 513 3200 δοιοί
533 3140 673 3219 δαίμονες
690 3138 749 3200 ὑπὸ
773 3138 863 3221 ζνγὸν
879 3145 992 3200 ιιεῖνιιιι
1014 3139 1149 3212 doctrice

124 3236 180 3289 τοῦ
204 3228 391 3308 δημιουργοῦ
413 3238 473 3289 τῶν
495 3228 581 3291 ὅλοιν.
619 3229 711 3289 Cuius
733 3230 799 3290 loco
826 3232 857 3287 in
881 3232 965 3289 textu
985 3249 1014 3305 p.
1036 3231 1108 3303 108,
1129 3233 1147 3290 9

122 3318 191 3377 sola
217 3318 309 3377 verba
331 3316 398 3397 περὶ
418 3312 485 3397 Ἰὼβ
507 3322 633 3379 exstant.
676 3319 744 3378 Non
773 3318 918 3395 adscripti
940 3321 1012 3378 sunt
1033 3319 1080 3378 bis
1103 3321 1148 3381 iu·

120 3407 340 3483 scriptionibus
363 3408 487 3467 numeri.
532 3408 734 3467 Muraltianae
761 3410 793 3466 in
821 3410 966 3483 quattuor
988 3407 1081 3467 libros
1104 3407 1148 3466 di·

123 3496 296 3556 stinctionis
324 3497 441 3558 nullum
468 3498 629 3575 vestigium
645 3498 816 3555 invenitur.
864 3494 975 3555 Contra
1002 3499 1093 3571 atque
1116 3496 1148 3552 in

119 3584 189 3645 ,OD
202 3586 303 3646 nullae
322 3587 532 3662 inscriptiones
551 3586 854 3663 ceterisinsigniores
873 3586 951 3645 sunt.
988 3584 1021 3641 P.
1034 3584 1148 3655 43‚11,
