2617 3909
155 219 198 283 70
463 218 649 271 PE2P1¹10T
667 218 849 272 MONAXOT

152 369 232 451 ὅροις
260 369 347 441 ἰδίοις
377 367 476 448 έχουσι
502 365 558 446 τήν
584 365 697 428 ἑαυτῶν
724 367 857 448 κίνησιν,
884 363 904 446 ή
928 363 960 428 δέ
987 364 1062 449 ξηρὰ
1084 375 1170 428 πάσα

150 472 312 547 χλοηφορεῖ
336 464 386 527 καί
413 471 492 550 κομᾷ
517 466 670 538 παντοίοις
696 464 746 526 καί
774 463 929 544 διαφόροις
952 470 1058 542 φυτοῖς
1081 463 1169 526 ὑπεί-

150 583 246 626 κουσα
267 570 307 648 τῷ
325 564 401 649 θείφ
423 563 631 646 προστάγματι.

221 661 283 741 Τήν
313 659 345 722 δέ
376 684 408 742 γε
440 661 638 744 δημιουργίαν
669 669 722 721 τοῦ
753 658 866 740 κόσμον
897 659 947 722 καί
978 659 1033 740 τήν
1065 669 1168 720 πᾶσαν

39 781 65 822 σο
78 781 110 821 ω.
124 780 136 821 τ
150 761 244 821 κτίσιν
267 757 370 820 πολλοὶ
392 759 545 839 διαφόρως
567 758 765 840 ἐξειλήφασιν,
786 757 836 820 καί
859 756 899 832 όις
922 756 1042 832 ἕκαστος
1064 756 1168 819 αι’πῖον

149 856 312 937 ήθέλησεν,
340 858 417 918 οίίτω
444 855 495 917 καί
520 855 653 939 ὡρίσατο.
700 856 732 918 ot
756 853 810 936 μέν
833 855 889 938 γάρ
916 855 1087 935 αὐτομάτως
1113 855 1167 916 καὶ

151 953 191 1029 ὡς
217 955 299 1036 ἔτυχε
325 954 360 1016 τδι
387 955 484 1016 πάντα
508 960 687 1036 γεγενῆσθαι
717 953 867 1035 λέγουσιν,
898 952 928 1027 ἐξ
956 945 999 1015 ὧν
1032 953 1107 1016 εἰσιν
1135 953 1170 1016 σί

147 1047 344 1136 Ἐπικοόριοι,
371 1051 423 1113 καί
450 1052 506 1131 τήν
532 1061 591 1113 τῶν
613 1051 690 1113 ὅλων
717 1049 861 1134 πρόνοιαν
888 1049 954 1131 περί
981 1050 1080 1112 αιἰτῦν
1108 1048 1167 1112 οὐκ

151 1145 226 1213 εἰναι
254 1155 491 1232 μυθολογοῦσιν,
518 1151 550 1212 οί
574 1148 621 1231 δέ,
650 1147 683 1210 ἐν
711 1143 755 1222 οἷς
782 1148 842 1210 ἐστι
868 1147 919 1210 καί
946 1147 962 1210 δ
989 1150 1166 1231 περιβόητος

108 1271 136 1311 10
149 1242 219 1331 παρ’
233 1243 357 1328 Ἕλλησι
375 1249 512 1329 Πλάτων,
535 1248 568 1310 ἐκ
584 1245 840 1337 προϋποκειμένης
859 1245 909 1308 καί
927 1245 1071 1328 ἀγενήτου
1089 1249 1166 1327 ῦλης

148 1344 341 1426 πεποιηκέναι
358 1345 410 1406 τὸν
428 1346 502 1407 θεὸν
519 1345 556 1407 τὰ
573 1346 670 1406 πάντα
688 1344 868 1426 διηγοῦνται.
906 1343 943 1405 οό
961 1343 1021 1423 μήν
1040 1343 1072 1406 δέ
1090 1343 1166 1408 ἀλλὰ

148 1444 198 1505 καί
226 1445 269 1517 εἰς
294 1443 416 1505 ἀδικίαν
443 1441 630 1523 ἐκτραπέντες
656 1440 707 1502 καί
733 1442 921 1525 παρανομίαν
947 1451 1046 1502 πᾶσαν
1072 1441 1165 1524 ῦπερ-

150 1542 254 1622 βάντες
276 1541 427 1622 ἀκόρεστοι
449 1540 516 1622 περί
535 1540 568 1602 τό
586 1539 764 1621 ἁμαρτάνειν
782 1539 944 1621 γεγόνασιν.
986 1537 1085 1612 πόλεις
1107 1539 1165 1623 γὰρ

148 1638 223 1699 κατά
249 1637 364 1699 πόλεων
391 1637 568 1717 ἐπολέμουν,
595 1634 645 1698 καί
671 1635 749 1716 ἔθνη
777 1635 851 1697 κατὰ
878 1634 977 1696 ἐθνῶν
999 1633 1165 1719 ἠγείροντο,

106 1758 135 1798 ἰε
149 1735 199 1796 καί
226 1736 354 1819 διηρεῖτο
381 1745 462 1795 πᾶσα
488 1732 508 1814 ή
531 1732 691 1813 οἰκουμένη
719 1733 761 1807 εἰς
788 1735 894 1814 μάχας,
926 1733 1049 1795 ἑκάστου
1077 1739 1166 1815 φιλο-

124 1841 318 1913 ,νεικοῦντος
348 1832 381 1894 ἐν
412 1839 451 1917 τῷ
476 1837 660 1915 παρανομεῖν
692 1831 742 1892 καί
772 1832 909 1913 πράττειν
940 1829 1057 1911 άθεσμα
1088 1833 1167 1914 πρὸς

148 1931 247 2011 λύπην
274 1937 350 1992 θεοῦ
378 1929 429 1992 καὶ
454 1930 528 2011 πρὸς
554 1930 719 2010 θεραπείαν
746 1939 799 1990 τοῦ
827 1929 975 2009 διαβόλου.
1021 1941 1165 1994 τοσοῦτον

147 2029 203 2111 γὰρ
220 2026 361 2110 ήσέβουν,
383 2029 427 2090 ότι
445 2027 495 2090 καὶ
513 2029 657 2108 δαίμονας
676 2027 860 2109 ἐθρήσκευον
879 2027 930 2088 καί
948 2027 1040 2101 θεοὺς
1057 2029 1166 2091 λοιπὸν

147 2126 331 2209 ἀνηγόρευον
353 2126 403 2188 καί
424 2128 534 2200 θυσίας
555 2125 658 2199 αὐτοῖς
680 2119 719 2187 δι’
741 2123 856 2207 ἀλόγων
874 2125 957 2199 ζώων
974 2124 1024 2186 καί
1042 2123 1165 2207 ἀνθρώ-

108 2247 134 2286 ιο
147 2246 213 2286 πων
240 2223 357 2306 σφαγάς
383 2232 550 2305 προσήγον,
578 2221 618 2296 ὡς
640 2223 759 2304 εἴρηται.
806 2223 852 2284 διδ
875 2221 925 2285 καὶ
948 2228 1064 2304 μαγεῖαι
1086 2219 1159 2306 παρ’

148 2322 250 2396 αὐτοῖς
272 2321 462 2384 ἐδιδάσκοντο
484 2319 534 2382 καί
552 2327 685 2401 μαντεῖαι
707 2320 757 2382 καί
780 2325 969 2402 φαρμακεῖαι,
991 2318 1042 2381 καὶ
1063 2319 1166 2399 μέντοι

148 2419 197 2481 καί
219 2419 275 2499 τήν
296 2418 411 2501 γένεσιν
434 2419 532 2480 αὐτῶν
554 2417 604 2480 καί
626 2418 682 2498 τήν
704 2417 802 2479 αἰτίαν
823 2416 873 2480 καί
895 2419 992 2497 πάσης
1014 2420 1165 2492 πολιτείας

147 2539 177 2578 τε
199 2515 249 2577 καί
271 2517 444 2597 συμβάσεως
466 2516 540 2600 τάχη
567 2515 617 2577 καί
641 2513 759 2597 άστροις
781 2513 956 2596 ἀνετίθοον,
986 2513 1079 2595 μηδέν
1101 2525 1164 2578 τῶν

149 2612 339 2692 φαινομένων
362 2611 452 2675 πλέον
473 2613 663 2696 λογιζόμενοι.
707 2612 757 2674 καὶ
784 2613 858 2687 όλως
885 2605 925 2693 ήν
947 2613 1043 2674 πάντα
1066 2635 1163 2694 παρα-

218 2817 288 2864 ι-ιι
309 2812 374 2866 Αιο.
390 2811 425 2864 de
438 2810 544 2866 incarn.
560 2817 575 2865 ι
594 2811 690 2882 Migne
710 2809 779 2866 οτυ.
799 2841 833 2850 -
853 2810 1104 2865 9-11ib.100A.
1125 2845 1164 2853 -

146 2887 253 2936 ιι-ιο
271 2884 307 2938 ω.
330 2881 461 2954 migne
481 2888 531 2937 105
546 2883 577 2936 Β.
604 2915 637 2923 -
667 2887 771 2936 ιτ-ιι
789 2883 825 2936 ω.
842 2886 874 2935 11
894 2881 990 2954 Migno
1009 2887 1061 2936 ιιι
1076 2881 1104 2936 ο.
1127 2916 1162 2924 -

145 2959 253 3024 ει-μ.
273 2960 315 3021 71,
331 2960 365 3008 ιο
383 2956 418 3010 ω.
434 2959 467 3007 ιτ
487 2954 582 3025 Migne
602 2959 653 3008 180
661 2954 692 3007 Β.

219 3138 235 3185 2
262 3131 409 3200 ὑπήκουσα
432 3131 512 3186 codd.
531 3138 642 3202 praeter
665 3129 784 3186 BDGR.
809 3163 842 3171 —
872 3136 887 3184 7
910 3130 945 3184 τά
968 3147 1018 3186 om.
1043 3130 1102 3186 PL.
1128 3165 1165 3173 —

147 3209 183 3257 10
206 3203 343 3273 ἀγενήτου
361 3203 431 3256 ALP
453 3201 608 3273 ἀγεννήτου
630 3202 690 3256 rell.
715 3209 740 3258 εί
762 3220 795 3257 ιιι.
811 3205 830 3257 2
848 3202 878 3256 Ιι.
903 3234 936 3242 -
966 3209 1000 3257 14
1019 3199 1164 3271 ἐγείροντα

146 3272 226 3328 -GPR
243 3272 393 3344 ήγείραντο
406 3274 437 3326 Β.
460 3306 494 3314 -
519 3279 552 3328 15
575 3273 698 3342 διήρειτο
716 3273 742 3326 A
765 3273 890 3346 (διήρητο
910 3274 994 3344 Am).
1015 3306 1048 3313 -
1074 3278 1106 3329 16
1132 3273 1165 3329 έν

142 3340 186 3418 Ιτῷ
204 3361 255 3400 om.
274 3346 330 3399 AB.
351 3377 384 3385 -
410 3350 442 3400 19
462 3344 511 3402 διὰ
529 3342 638 3414 ἀλόγων
652 3345 706 3400 CV.
727 3377 760 3385 —
780 3349 814 3398 20
832 3351 976 3415 προσῆγον
994 3344 1039 3398 FP
1058 3344 1165 3414 (ἐπετέ-

144 3417 215 3469 λουν
233 3415 310 3486 Ath.)
329 3415 492 3487 προήγαγον
510 3416 536 3469 R
558 3415 738 3486 προσήγαγον
756 3415 816 3470 rell.

222 3596 237 3643 ἵ
256 3590 390 3660 γενέσθαι
407 3593 437 3646 Ρ.
