2617 3909
179 218 269 277 xxvl
585 224 787 275 PRAEFATIO

176 377 293 459 iungat,
311 374 414 435 verbe·-
425 376 456 433 et
473 375 711 451 praepositiones
731 372 917 448 ineptissime
935 373 1070 447 collocet,
1088 372 1201 447 byzan-

49 452 56 466 ’
177 463 315 523 tinismos
337 460 419 523 ha'ud
440 474 509 524 raro
533 462 681 523 adhibeat.
723 462 758 520 In
781 462 838 521 hcc
860 477 966 539 genere
988 479 1064 537 qnae
1086 462 1200 521 multas

177 553 321 613 lectiones
343 553 484 611 librarius
508 552 726 611 emendatiores
748 550 892 625 reddidit,
920 568 970 609 eas
992 553 1107 624 tamen,
1131 568 1201 609 cum

177 649 238 701 non
252 642 312 701 sint
327 640 457 721 Georgii,
477 641 621 701 editorem
639 639 798 716 repudiare
812 640 960 699 convenit.
995 638 1087 699 Plura
1106 640 1200 698 etiam

177 732 307 791 correxit
323 732 408 789 nulla
425 732 543 791 ratione
557 730 664 790 ductus
678 730 775 789 veluti
788 729 947 788 verborum
960 728 1095 788 ordinem
1109 747 1199 803 saepe

176 822 308 880 mutarit
330 820 377 879 vel
400 836 455 897 pro
474 818 596 897 Georgii
619 818 820 879 locutionibus
839 817 999 877 substituit
1015 836 1198 893 synonymae

175 909 225 968 vel
257 909 382 984 similes,
414 909 510 969 veluti
543 908 634 985 δηλοῖ
654 927 710 985 pro
742 904 867 987 λέγεται,
898 903 974 985 λέγει
1004 926 1059 982 pro
1088 906 1198 986 κράζει,

176 994 315 1058 ἐθέσπισε
337 1018 392 1073 pro
411 994 578 1077 προσέταξε,
601 994 785 1076 μοναστήρια
802 1015 857 1073 pro
877 993 1099 1074 φροντιοτήρια,
1122 993 1198 1071 πλήν

178 1086 280 1159 ξαντες
298 1107 353 1165 pro
371 1086 529 1164 τύψαντες,
548 1090 667 1164 πλῆθος
684 1082 893 1165 ἀναρίθμητον
910 1104 966 1161 pro
983 1087 1102 1162 πλῆθος
1119 1080 1198 1161 ἀμό-

175 1181 284 1255 θητον,
307 1173 356 1237 ἐπὶ
374 1174 499 1253 Σόδομα
517 1172 626 1255 κατέβη
650 1194 704 1253 pro
723 1176 853 1253 κατῆλθε
876 1171 925 1233 set
944 1171 1078 1251 Σόδομα,
1101 1172 1198 1252 mps-

176 1264 263 1338 δοξος
280 1264 396 1339 τοκετὸς
409 1284 464 1343 pro
478 1263 558 1347 παρὰ
573 1263 668 1341 φύσιν
681 1262 807 1341 τοκετὸς,
825 1261 966 1342 εἰρῆσθαι
978 1270 1065 1323 τοῦτο
1079 1259 1198 1342 λέγουσι

174 1373 230 1431 pro
254 1352 328 1431 φασὶ
350 1354 490 1435 εἰρῆσθαι
508 1362 604 1431 τοῦτο,
628 1360 688 1413 τῶν
705 1361 857 1431 κοσμικων
876 1350 1045 1430 φροντίδων
1064 1370 1119 1429 pro
1130 1359 1197 1411 τῶν

175 1452 325 1521 κοσμικῶν
348 1443 502 1522 θορύβων,
526 1444 601 1503 olias
623 1446 804 1504 innumerae.
845 1441 998 1517 Imprimis
1016 1442 1093 1501 solet
1115 1442 1195 1500 locun

173 1532 271 1592 'tiones
295 1533 455 1609 duplicare.
496 1531 562 1603 Quo
585 1535 617 1590 in
640 1551 748 1609 genere
771 1533 899 1604 exstant,
921 1532 958 1589 ut
980 1530 1042 1589 alia
1064 1532 1197 1607 praeter·

175 1622 309 1694 mittam,
337 1618 475 1699 ἕιτόμενοι
502 1618 553 1680 καὶ
580 1618 758 1699 μιμούμενοι
784 1638 839 1695 pro
866 1616 1019 1696 έιτόμενοι,
1048 1617 1120 1691 δόξα
1146 1616 1196 1678 καὶ

175 1710 303 1787 δύναμις
325 1729 379 1785 pro
403 1708 541 1788 δύναμις,
564 1707 687 1780 εὐειδεῖς
708 1704 786 1788 όγαν
808 1704 859 1767 καὶ
884 1708 951 1767 λέον
973 1707 1119 1780 εόόιττονς
1141 1728 1195 1784 pro

174 1797 296 1870 εὐειδεῖς
310 1795 409 1879 -όέγαν,
436 1794 637 1878 ἡμαρτηκότες
660 1795 710 1857 καὶ
732 1796 1002 1879 προοιεκρονκότες
1026 1816 1081 1874 pro
1103 1813 1196 1878 προσ-

174 1885 374 1967 κεκρουκότες,
398 1887 472 1948 ἰδεῖν
495 1885 545 1947 καὶ
569 1892 680 1965 μαθεῖν
701 1906 756 1963 pro
781 1890 898 1964 μαθεῖν.

244 1968 454 2039 Petenissos?
470 1970 530 2058 (E)
539 1977 782 2037 membranaceus
792 1979 838 2036 est
847 1977 959 2036 saeculi
968 1976 1012 2034 XI
1028 1976 1092 2035 295
1107 1976 1194 2035 folio·

173 2078 248 2125 rum.
286 2067 375 2126 Hune
392 2066 503 2125 librum
519 2066 616 2126 solum
634 2078 695 2125 non
712 2068 777 2142 ipse
791 2065 918 2141 excussi,
936 2066 989 2124 sed
1003 2066 1197 2125 collationem

172 2176 192 2215 a
212 2176 242 2216 sc
261 2157 374 2217 factam
391 2156 449 2215 viri
468 2156 634 2215 doctissimi
647 2156 787 2215 Bidezius
800 2157 832 2214 et
845 2153 1078 2214 Parmentierius
1092 2154 1196 2233 benig-

173 2246 294 2306 nissime
327 2246 402 2305 mihi
433 2246 673 2305 transmiserunt.
718 2244 885 2320 Descripsit
916 2243 1028 2303 librum
1057 2244 1195 2304 Bidezius

173 2336 208 2393 B.
233 2336 263 2394 Z.
282 2334 342 2393 VH
360 2326 487 2416 (1898),
510 2354 539 2410 p.
556 2335 618 2393 285
630 2353 696 2410 sqq:
736 2334 870 2393 Dimidia
887 2334 950 2394 fere
973 2332 1106 2392 chronici
1124 2351 1195 2409 pars

129 2428 134 2439 '
174 2427 321 2499 superest;
344 2426 445 2485 textus
469 2425 567 2483 verbis
591 2424 711 2481 demum
732 2414 892 2503 ιιῖονΙσέως
914 2420 964 2481 καὶ
986 2419 1135 2499 ἀφθόνως
1159 2427 1199 2505 τῷ

173 2512 285 2590 σώματι
307 2532 337 2589 p.
357 2514 431 2588 333,
452 2515 491 2571 17
515 2514 630 2589 incipit.
672 2512 783 2571 Postea
809 2530 929 2587 quoque
952 2512 1027 2572 folia
1050 2512 1195 2571 nonnulla

172 2602 397 2684 interciderunt.
443 2601 559 2661 Desunt
582 2604 685 2661 autem
706 2619 735 2676 p.
755 2602 829 2675 343,
849 2601 868 2659 5
891 2592 1132 2683 όιτοέκρινόμενοι
1151 2632 1196 2645 --

172 2710 201 2767 p.
223 2692 300 2767 344,
322 2692 361 2750 16
395 2688 502 2761 οἵτινες
533 2687 576 2768 ἐν,
608 2710 637 2767 p.
663 2690 738 2764 355,
762 2692 780 2749 5
813 2680 972 2769 εόσεΙβείας
1003 2687 1128 2770 ἐραστὰς
1151 2721 1197 2734 —-·

173 2801 201 2857 p.
222 2781 353 2855 356,18
373 2772 425 2839 ὑπ’
447 2777 540 2859 αὐτῆς
557 2775 733 2859 γινομένων,
751 2798 780 2855 p.
792 2779 866 2853 483,
881 2780 900 2837 8
920 2768 1006 2857 ἦσαν.
1043 2778 1086 2851 εἰς
1100 2778 1195 2859 βραχέι

172 2866 228 2950 γὰρ
251 2902 296 2911 -
318 2889 347 2946 p.
367 2871 442 2943 490,
463 2870 503 2928 18
532 2866 565 2929 έν
592 2889 665 2946 τινι,
694 2888 723 2943 p.
744 2869 823 2943 783,
844 2869 885 2927 20
912 2865 1057 2947 πρόεδρος
1085 2863 1101 2927 ό
1129 2865 1195 2941 ἐξά-

172 2975 270 3039 γιστος
293 2991 337 3001 -
359 2960 478 3034 ρι786,
499 2960 540 3017 14
563 2955 645 3036 παρὰ
663 2962 702 3039 τῷ
717 2954 825 3034 ἑαυτῆς
847 2956 931 3041 οἴκῳ,
954 2958 1089 3016 clausula
1112 2956 1195 3016 deni-

171 3049 231 3123 que'
258 3049 390 3108 chronici
418 3047 487 3105 inde
516 3066 534 3105 a
561 3047 660 3107 verbis
688 3045 716 3106 εἰ
742 3042 774 3105 δέ
802 3042 843 3123 μὴ
869 3054 976 3125 χρῆναι
998 3066 1027 3122 p.
1048 3048 1122 3120 791,
1143 3048 1195 3106 22.

173 3136 281 3213 Capita
303 3156 364 3196 non
381 3140 585 3211 numerentur,
608 3137 641 3194 iu
664 3136 800 3214 margine
822 3135 872 3194 hic
894 3136 958 3194 illic
980 3138 1080 3195 textus
1105 3154 1194 3214 argu·

171 3223 314 3301 mentum,
329 3246 445 3303 semper
459 3222 521 3285 iere
535 3226 732 3301 imperiorum
744 3225 833 3283 initia
846 3224 1062 3301 significantur.
1089 3223 1194 3285 Libra·

171 3318 234 3375 rius
252 3334 325 3374 num
339 3315 477 3375 similiter
491 3318 580 3392 atque
594 3317 627 3373 iu
648 3314 708 3374 01)
726 3313 866 3392 puriora
879 3313 1023 3372 historiae
1042 3317 1194 3374 momenta

171 3404 415 3481 inscriptionibus
434 3405 632 3483 insigniverit,
657 3422 717 3462 non
735 3405 861 3478 constat,
880 3408 948 3462 cum
966 3421 1068 3462 omnes
1086 3405 1120 3461 in
1138 3404 1194 3463 hcc

172 3512 279 3571 genere
302 3495 369 3571 loci,
393 3493 587 3571 quiquidem
606 3492 763 3553 exstabant
785 3493 818 3550 in
838 3492 937 3567 priore
956 3492 1087 3551 chronici
1105 3496 1193 3569 parte
1289 3535 1290 3538 η

171 3583 290 3658 perdita
312 3585 466 3660 perierint,
489 3584 524 3657 is,
548 3600 606 3657 quo
629 3584 662 3640 in
684 3582 808 3657 reliquis
827 3580 978 3639 codicibus
1001 3576 1115 3659 ἡάρχὴ
1133 3590 1194 3642 τῶν
1289 3567 1290 3582 ³
