<?xml version="1.0" encoding="UTF-8"?>
<!DOCTYPE html PUBLIC "-//W3C//DTD XHTML 1.0 Transitional//EN"
    "http://www.w3.org/TR/xhtml1/DTD/xhtml1-transitional.dtd">
<html xmlns="http://www.w3.org/1999/xhtml" xml:lang="en" lang="en">
 <head>
  <title>
</title>
<meta http-equiv="Content-Type" content="text/html;charset=utf-8" />
  <meta name='ocr-system' content='tesseract 3.04.00' />
  <meta name='ocr-capabilities' content='ocr_page ocr_carea ocr_par ocr_line ocrx_word'/>
</head>
<body>
  <div class='ocr_page' id='page_1' title='image "./georgiimonachic01boorgoog_0455.png"; bbox 0 0 2617 3909; ppageno 0'>
   <div class='ocr_carea' id='block_1_1' title="bbox 530 211 1135 275">
    <p class='ocr_par' dir='ltr' id='par_1_1' title="bbox 530 211 1135 275">
     <span class='ocr_line' id='line_1_1' title="bbox 530 211 1135 275; baseline 0.002 -11"><span class='ocrx_word' id='word_1_1' title='bbox 530 214 720 265; x_wconf 84' lang='lat' dir='ltr'>XPONIKON</span> <span class='ocrx_word' id='word_1_2' title='bbox 1071 211 1135 275; x_wconf 82' lang='grc'><strong><em>367</em></strong></span> 
     </span>
    </p>
   </div>
   <div class='ocr_carea' id='block_1_2' title="bbox 116 360 1289 2908">
    <p class='ocr_par' dir='ltr' id='par_1_2' title="bbox 116 360 1137 541">
     <span class='ocr_line' id='line_1_2' title="bbox 116 360 1137 446; baseline -0.001 -23"><span class='ocrx_word' id='word_1_3' title='bbox 116 360 209 446; x_wconf 90' lang='grc' dir='ltr'><strong><em>τέραν</em></strong></span> <span class='ocrx_word' id='word_1_4' title='bbox 241 361 376 444; x_wconf 84' lang='grc' dir='ltr'><strong><em>γραφήν,</em></strong></span> <span class='ocrx_word' id='word_1_5' title='bbox 407 360 504 442; x_wconf 67' lang='grc' dir='ltr'><strong><em>ἕτερος</em></strong></span> <span class='ocrx_word' id='word_1_6' title='bbox 535 361 652 434; x_wconf 86' lang='grc' dir='ltr'><strong><em>πάντως</em></strong></span> <span class='ocrx_word' id='word_1_7' title='bbox 683 361 878 442; x_wconf 76' lang='grc' dir='ltr'><strong><em>περιλείπεται</em></strong></span> <span class='ocrx_word' id='word_1_8' title='bbox 909 360 1137 442; x_wconf 88' lang='grc' dir='ltr'><strong><em>προγνωστικός,</em></strong></span> 
     </span>
     <span class='ocr_line' id='line_1_3' title="bbox 118 457 1137 541; baseline 0 -21"><span class='ocrx_word' id='word_1_9' title='bbox 118 460 238 541; x_wconf 84' lang='grc' dir='ltr'><strong><em>τέλειος,</em></strong></span> <span class='ocrx_word' id='word_1_10' title='bbox 262 459 413 539; x_wconf 89' lang='grc' dir='ltr'><strong><em>ἀνενδεής,</em></strong></span> <span class='ocrx_word' id='word_1_11' title='bbox 434 457 550 541; x_wconf 89' lang='grc' dir='ltr'><strong><em>ἀγαθὸς</em></strong></span> <span class='ocrx_word' id='word_1_12' title='bbox 567 458 618 520; x_wconf 81' lang='grc' dir='ltr'><strong><em>καὶ</em></strong></span> <span class='ocrx_word' id='word_1_13' title='bbox 635 458 747 531; x_wconf 88' lang='grc' dir='ltr'><strong><em>παντὸς</em></strong></span> <span class='ocrx_word' id='word_1_14' title='bbox 765 458 885 531; x_wconf 78' lang='grc' dir='ltr'><em>πάθους</em></span> <span class='ocrx_word' id='word_1_15' title='bbox 903 457 1137 540; x_wconf 89' lang='grc' dir='ltr'><strong><em>ἀπηλλαγμένος,</em></strong></span> 
     </span>
    </p>

    <p class='ocr_par' dir='ltr' id='par_1_3' title="bbox 118 555 1236 737">
     <span class='ocr_line' id='line_1_4' title="bbox 118 555 1236 638; baseline -0.003 -19"><span class='ocrx_word' id='word_1_16' title='bbox 118 555 158 619; x_wconf 83' lang='grc' dir='ltr'><strong><em>δυ</em></strong></span> <span class='ocrx_word' id='word_1_17' title='bbox 182 557 214 620; x_wconf 81' lang='grc' dir='ltr'><strong><em>δὲ</em></strong></span> <span class='ocrx_word' id='word_1_18' title='bbox 233 558 270 619; x_wconf 81' lang='grc' dir='ltr'><strong><em>σὺ</em></strong></span> <span class='ocrx_word' id='word_1_19' title='bbox 289 557 351 637; x_wconf 82' lang='grc' dir='ltr'><strong><em>φής</em></strong></span> <span class='ocrx_word' id='word_1_20' title='bbox 369 556 552 638; x_wconf 85' lang='grc' dir='ltr'><strong><em>δημιουργὸν</em></strong></span> <span class='ocrx_word' id='word_1_21' title='bbox 574 555 624 618; x_wconf 80' lang='grc' dir='ltr'><strong><em>καὶ</em></strong></span> <span class='ocrx_word' id='word_1_22' title='bbox 646 556 797 635; x_wconf 84' lang='grc' dir='ltr'><strong><em>ῦπέρθεον</em></strong></span> <span class='ocrx_word' id='word_1_23' title='bbox 815 562 877 629; x_wconf 86' lang='grc' dir='ltr'><strong><em>τοῖς</em></strong></span> <span class='ocrx_word' id='word_1_24' title='bbox 895 557 1039 630; x_wconf 84' lang='grc' dir='ltr'><strong><em>ἐναντίοις</em></strong></span> <span class='ocrx_word' id='word_1_25' title='bbox 1057 555 1137 617; x_wconf 88' lang='grc' dir='ltr'><strong><em>ἀνιι-</em></strong></span> <span class='ocrx_word' id='word_1_26' title='bbox 1152 569 1236 611; x_wconf 71' lang='lat'><strong>2⁷11.</strong></span> 
     </span>
     <span class='ocr_line' id='line_1_5' title="bbox 119 649 1138 737; baseline 0 -21"><span class='ocrx_word' id='word_1_27' title='bbox 119 657 256 735; x_wconf 79' lang='grc' dir='ltr'><strong><em>κείμενος</em></strong></span> <span class='ocrx_word' id='word_1_28' title='bbox 278 654 409 737; x_wconf 79' lang='grc' dir='ltr'><strong><em>ὑπάρχει.</em></strong></span> <span class='ocrx_word' id='word_1_29' title='bbox 454 654 560 717; x_wconf 74' lang='grc' dir='ltr'><strong><em>αὐτίκα</em></strong></span> <span class='ocrx_word' id='word_1_30' title='bbox 582 663 657 736; x_wconf 89' lang='grc' dir='ltr'><strong><em>γοῦν</em></strong></span> <span class='ocrx_word' id='word_1_31' title='bbox 680 651 696 715; x_wconf 96' lang='lat'><em>6</em></span> <span class='ocrx_word' id='word_1_32' title='bbox 717 649 789 716; x_wconf 86' lang='grc' dir='ltr'><strong><em>καθ’</em></strong></span> <span class='ocrx_word' id='word_1_33' title='bbox 811 655 953 736; x_wconf 87' lang='grc' dir='ltr'><strong><em>ὁμοίωσιν</em></strong></span> <span class='ocrx_word' id='word_1_34' title='bbox 975 654 1067 716; x_wconf 80' lang='grc' dir='ltr'><strong><em>αὐτοῦ</em></strong></span> <span class='ocrx_word' id='word_1_35' title='bbox 1090 678 1138 736; x_wconf 90' lang='grc' dir='ltr'><strong><em>γε-</em></strong></span> 
     </span>
    </p>

    <p class='ocr_par' dir='ltr' id='par_1_4' title="bbox 119 749 1177 1033">
     <span class='ocr_line' id='line_1_6' title="bbox 119 749 1177 834; baseline 0.001 -21"><span class='ocrx_word' id='word_1_36' title='bbox 119 752 219 834; x_wconf 80' lang='grc' dir='ltr'><strong><em>γονδις</em></strong></span> <span class='ocrx_word' id='word_1_37' title='bbox 248 749 341 833; x_wconf 86' lang='grc' dir='ltr'><strong><em>Ἀδδηι</em></strong></span> <span class='ocrx_word' id='word_1_38' title='bbox 372 752 422 814; x_wconf 79' lang='grc' dir='ltr'><strong><em>καί</em></strong></span> <span class='ocrx_word' id='word_1_39' title='bbox 454 752 565 829; x_wconf 87' lang='grc' dir='ltr'><strong><em>τυφλὸς</em></strong></span> <span class='ocrx_word' id='word_1_40' title='bbox 596 754 719 826; x_wconf 80' lang='grc' dir='ltr'><strong><em>κτίζεται</em></strong></span> <span class='ocrx_word' id='word_1_41' title='bbox 750 752 799 814; x_wconf 88' lang='grc' dir='ltr'><strong><em>καί</em></strong></span> <span class='ocrx_word' id='word_1_42' title='bbox 831 763 942 834; x_wconf 83' lang='grc' dir='ltr'><strong><em>γνῶσιν</em></strong></span> <span class='ocrx_word' id='word_1_43' title='bbox 970 751 1089 834; x_wconf 92' lang='grc' dir='ltr'><strong><em>ἀγαθοῦ</em></strong></span> <span class='ocrx_word' id='word_1_44' title='bbox 1116 751 1136 832; x_wconf 82' lang='grc' dir='ltr'><strong><em>ή</em></strong></span> <span class='ocrx_word' id='word_1_45' title='bbox 1165 773 1177 814; x_wconf 80' lang='grc' dir='ltr'><strong><em>ο</em></strong></span> 
     </span>
     <span class='ocr_line' id='line_1_7' title="bbox 119 850 1137 933; baseline -0.001 -21"><span class='ocrx_word' id='word_1_46' title='bbox 119 859 217 912; x_wconf 87' lang='grc' dir='ltr'><strong><em>κακοῦ</em></strong></span> <span class='ocrx_word' id='word_1_47' title='bbox 244 851 285 931; x_wconf 81' lang='grc' dir='ltr'><strong><em>μή</em></strong></span> <span class='ocrx_word' id='word_1_48' title='bbox 313 851 387 931; x_wconf 78' lang='grc' dir='ltr'><strong><em>ἔχων</em></strong></span> <span class='ocrx_word' id='word_1_49' title='bbox 413 851 587 932; x_wconf 79' lang='grc' dir='ltr'><strong><em>παραβάτης</em></strong></span> <span class='ocrx_word' id='word_1_50' title='bbox 614 850 777 933; x_wconf 72' lang='grc' dir='ltr'><strong><em>εὑρίσκωσι</em></strong></span> <span class='ocrx_word' id='word_1_51' title='bbox 804 851 854 912; x_wconf 87' lang='grc' dir='ltr'><strong><em>καί</em></strong></span> <span class='ocrx_word' id='word_1_52' title='bbox 880 861 933 913; x_wconf 88' lang='grc' dir='ltr'><strong><em>τοῦ</em></strong></span> <span class='ocrx_word' id='word_1_53' title='bbox 956 852 1137 932; x_wconf 81' lang='grc' dir='ltr'><strong><em>παραδείσου</em></strong></span> 
     </span>
     <span class='ocr_line' id='line_1_8' title="bbox 120 947 1140 1033; baseline -0.002 -22"><span class='ocrx_word' id='word_1_54' title='bbox 120 948 290 1028; x_wconf 73' lang='grc' dir='ltr'><strong><em>ἐκβάλλεται</em></strong></span> <span class='ocrx_word' id='word_1_55' title='bbox 311 948 362 1010; x_wconf 84' lang='grc' dir='ltr'><strong><em>καὶ</em></strong></span> <span class='ocrx_word' id='word_1_56' title='bbox 384 949 507 1033; x_wconf 77' lang='grc' dir='ltr'><strong><em>θανάτῳ</em></strong></span> <span class='ocrx_word' id='word_1_57' title='bbox 530 949 758 1022; x_wconf 79' lang='grc' dir='ltr'><strong><em>καταδικάζεται.</em></strong></span> <span class='ocrx_word' id='word_1_58' title='bbox 804 949 914 1030; x_wconf 86' lang='grc' dir='ltr'><strong><em>ὁμοίως</em></strong></span> <span class='ocrx_word' id='word_1_59' title='bbox 936 973 965 1012; x_wconf 90' lang='grc' dir='ltr'><strong><em>τε</em></strong></span> <span class='ocrx_word' id='word_1_60' title='bbox 985 947 1000 1010; x_wconf 94' lang='lat'><em>6</em></span> <span class='ocrx_word' id='word_1_61' title='bbox 1024 949 1140 1022; x_wconf 89' lang='grc' dir='ltr'><strong><em>πλάσας</em></strong></span> 
     </span>
    </p>

    <p class='ocr_par' dir='ltr' id='par_1_5' title="bbox 120 1045 1137 1230">
     <span class='ocr_line' id='line_1_9' title="bbox 121 1045 1137 1133; baseline 0.001 -26"><span class='ocrx_word' id='word_1_62' title='bbox 121 1046 229 1127; x_wconf 78' lang='grc' dir='ltr'><strong><em>αὐτόν,</em></strong></span> <span class='ocrx_word' id='word_1_63' title='bbox 262 1046 324 1108; x_wconf 80' lang='grc' dir='ltr'><strong><em>ἐπεί</em></strong></span> <span class='ocrx_word' id='word_1_64' title='bbox 356 1047 396 1126; x_wconf 80' lang='grc' dir='ltr'><strong><em>μή</em></strong></span> <span class='ocrx_word' id='word_1_65' title='bbox 428 1057 579 1128; x_wconf 80' lang='grc' dir='ltr'><strong><em>πανταχοῦ</em></strong></span> <span class='ocrx_word' id='word_1_66' title='bbox 611 1045 726 1127; x_wconf 90' lang='grc' dir='ltr'><strong><em>βλέπει,</em></strong></span> <span class='ocrx_word' id='word_1_67' title='bbox 757 1046 806 1109; x_wconf 77' lang='grc' dir='ltr'><strong><em>ἐπὶ</em></strong></span> <span class='ocrx_word' id='word_1_68' title='bbox 834 1057 873 1133; x_wconf 76' lang='grc' dir='ltr'><strong><em>τῇ</em></strong></span> <span class='ocrx_word' id='word_1_69' title='bbox 903 1057 962 1109; x_wconf 87' lang='grc' dir='ltr'><strong><em>τῶν</em></strong></span> <span class='ocrx_word' id='word_1_70' title='bbox 990 1047 1137 1128; x_wconf 79' lang='grc' dir='ltr'><strong><em>Σοδόμων</em></strong></span> 
     </span>
     <span class='ocr_line' id='line_1_10' title="bbox 120 1143 1137 1230; baseline 0 -24"><span class='ocrx_word' id='word_1_71' title='bbox 120 1155 311 1230; x_wconf 76' lang='grc' dir='ltr'><strong><em>καταστροφῇ</em></strong></span> <span class='ocrx_word' id='word_1_72' title='bbox 339 1143 426 1226; x_wconf 84' lang='grc' dir='ltr'><strong><em>λέγει·</em></strong></span> <span class='ocrx_word' id='word_1_73' title='bbox 457 1144 587 1224; x_wconf 79' lang='grc' dir='ltr'><strong><em>καταβὰς</em></strong></span> <span class='ocrx_word' id='word_1_74' title='bbox 614 1143 744 1225; x_wconf 76' lang='grc' dir='ltr'><strong><em>ὄψομαι,</em></strong></span> <span class='ocrx_word' id='word_1_75' title='bbox 771 1145 799 1207; x_wconf 90' lang='grc' dir='ltr'><strong><em>εί</em></strong></span> <span class='ocrx_word' id='word_1_76' title='bbox 824 1145 899 1206; x_wconf 82' lang='grc' dir='ltr'><strong><em>κατὰ</em></strong></span> <span class='ocrx_word' id='word_1_77' title='bbox 925 1145 981 1224; x_wconf 82' lang='grc' dir='ltr'><strong><em>τήν</em></strong></span> <span class='ocrx_word' id='word_1_78' title='bbox 1003 1145 1137 1227; x_wconf 79' lang='grc' dir='ltr'><strong><em>κραυγήν</em></strong></span> 
     </span>
    </p>

    <p class='ocr_par' dir='ltr' id='par_1_6' title="bbox 121 1242 1181 1324">
     <span class='ocr_line' id='line_1_11' title="bbox 121 1242 1181 1324; baseline 0 -21"><span class='ocrx_word' id='word_1_79' title='bbox 121 1242 222 1304; x_wconf 72' lang='grc' dir='ltr'><strong><em>αὐτῶν</em></strong></span> <span class='ocrx_word' id='word_1_80' title='bbox 244 1243 299 1322; x_wconf 83' lang='grc' dir='ltr'><strong><em>τήν</em></strong></span> <span class='ocrx_word' id='word_1_81' title='bbox 322 1242 482 1324; x_wconf 75' lang='grc' dir='ltr'><strong><em>ἐρχομένην</em></strong></span> <span class='ocrx_word' id='word_1_82' title='bbox 504 1244 580 1324; x_wconf 84' lang='grc' dir='ltr'><strong><em>πρός</em></strong></span> <span class='ocrx_word' id='word_1_83' title='bbox 602 1266 637 1322; x_wconf 92' lang='grc' dir='ltr'><strong><em>με</em></strong></span> <span class='ocrx_word' id='word_1_84' title='bbox 660 1249 880 1305; x_wconf 89' lang='grc' dir='ltr'><strong><em>συντελοῦυται·</em></strong></span> <span class='ocrx_word' id='word_1_85' title='bbox 904 1245 931 1305; x_wconf 88' lang='grc' dir='ltr'><strong><em>εί</em></strong></span> <span class='ocrx_word' id='word_1_86' title='bbox 953 1242 984 1305; x_wconf 81' lang='grc' dir='ltr'><strong><em>δέ</em></strong></span> <span class='ocrx_word' id='word_1_87' title='bbox 1008 1245 1064 1324; x_wconf 92' lang='grc' dir='ltr'><strong><em>μή,</em></strong></span> <span class='ocrx_word' id='word_1_88' title='bbox 1087 1244 1138 1304; x_wconf 79' lang='grc' dir='ltr'><strong><em>ἵνα</em></strong></span> <span class='ocrx_word' id='word_1_89' title='bbox 1152 1264 1181 1305; x_wconf 84' lang='grc' dir='ltr'><strong><em>ιο</em></strong></span> 
     </span>
    </p>

    <p class='ocr_par' dir='ltr' id='par_1_7' title="bbox 121 1340 1137 1426">
     <span class='ocr_line' id='line_1_12' title="bbox 121 1340 1137 1426; baseline 0 -24"><span class='ocrx_word' id='word_1_90' title='bbox 121 1349 192 1426; x_wconf 76' lang='grc' dir='ltr'><strong><em>γνῷ·</em></strong></span> <span class='ocrx_word' id='word_1_91' title='bbox 222 1340 272 1402; x_wconf 80' lang='grc' dir='ltr'><strong><em>καί</em></strong></span> <span class='ocrx_word' id='word_1_92' title='bbox 299 1340 406 1404; x_wconf 84' lang='grc' dir='ltr'><strong><em>έαυιδν</em></strong></span> <span class='ocrx_word' id='word_1_93' title='bbox 432 1340 600 1423; x_wconf 77' lang='grc' dir='ltr'><strong><em>ἀγνοοῦντα</em></strong></span> <span class='ocrx_word' id='word_1_94' title='bbox 623 1341 781 1403; x_wconf 88' lang='grc' dir='ltr'><strong><em>δείκνυσιν.</em></strong></span> <span class='ocrx_word' id='word_1_95' title='bbox 827 1340 932 1405; x_wconf 81' lang='grc' dir='ltr'><strong><em>καὶτὸ</em></strong></span> <span class='ocrx_word' id='word_1_96' title='bbox 955 1343 1048 1404; x_wconf 86' lang='grc' dir='ltr'><strong><em>εἰπεῖν</em></strong></span> <span class='ocrx_word' id='word_1_97' title='bbox 1070 1341 1137 1424; x_wconf 82' lang='grc' dir='ltr'><strong><em>περὶ</em></strong></span> 
     </span>
    </p>

    <p class='ocr_par' dir='ltr' id='par_1_8' title="bbox 121 1435 1246 1620">
     <span class='ocr_line' id='line_1_13' title="bbox 121 1435 1246 1522; baseline 0 -22"><span class='ocrx_word' id='word_1_98' title='bbox 121 1449 176 1501; x_wconf 84' lang='grc' dir='ltr'><strong><em>τοῦ</em></strong></span> <span class='ocrx_word' id='word_1_99' title='bbox 201 1435 305 1518; x_wconf 80' lang='grc' dir='ltr'><strong><em>Ἀδάμ·</em></strong></span> <span class='ocrx_word' id='word_1_100' title='bbox 338 1439 507 1519; x_wconf 79' lang='grc' dir='ltr'><strong><em>ἐκβάλωμεν</em></strong></span> <span class='ocrx_word' id='word_1_101' title='bbox 539 1438 644 1519; x_wconf 79' lang='grc' dir='ltr'><strong><em>αὐτόν,</em></strong></span> <span class='ocrx_word' id='word_1_102' title='bbox 678 1438 783 1518; x_wconf 81' lang='grc' dir='ltr'><strong><em>μήπως</em></strong></span> <span class='ocrx_word' id='word_1_103' title='bbox 814 1440 943 1515; x_wconf 84' lang='grc' dir='ltr'><strong><em>ἐκτείνας</em></strong></span> <span class='ocrx_word' id='word_1_104' title='bbox 975 1441 1030 1520; x_wconf 84' lang='grc' dir='ltr'><strong><em>τήν</em></strong></span> <span class='ocrx_word' id='word_1_105' title='bbox 1056 1447 1137 1522; x_wconf 81' lang='grc' dir='ltr'><strong><em>χεῖρα</em></strong></span> <span class='ocrx_word' id='word_1_106' title='bbox 1238 1492 1246 1508; x_wconf 85' lang='grc'><strong><em>,</em></strong></span> 
     </span>
     <span class='ocr_line' id='line_1_14' title="bbox 122 1535 1137 1620; baseline 0 -23"><span class='ocrx_word' id='word_1_107' title='bbox 122 1538 216 1599; x_wconf 89' lang='grc' dir='ltr'><strong><em>αῦτοῦ</em></strong></span> <span class='ocrx_word' id='word_1_108' title='bbox 247 1538 361 1616; x_wconf 86' lang='grc' dir='ltr'><strong><em>άψηιαι</em></strong></span> <span class='ocrx_word' id='word_1_109' title='bbox 388 1546 441 1598; x_wconf 87' lang='grc' dir='ltr'><strong><em>τοῦ</em></strong></span> <span class='ocrx_word' id='word_1_110' title='bbox 469 1537 559 1610; x_wconf 82' lang='grc' dir='ltr'><strong><em>ξύλου</em></strong></span> <span class='ocrx_word' id='word_1_111' title='bbox 581 1546 634 1616; x_wconf 77' lang='grc' dir='ltr'><strong><em>τῆς</em></strong></span> <span class='ocrx_word' id='word_1_112' title='bbox 657 1540 733 1617; x_wconf 79' lang='grc' dir='ltr'><strong><em>ζωῆς</em></strong></span> <span class='ocrx_word' id='word_1_113' title='bbox 755 1535 806 1597; x_wconf 86' lang='grc' dir='ltr'><strong><em>κοιλ</em></strong></span> <span class='ocrx_word' id='word_1_114' title='bbox 829 1537 935 1620; x_wconf 83' lang='grc' dir='ltr'><strong><em>φαγὼν</em></strong></span> <span class='ocrx_word' id='word_1_115' title='bbox 958 1538 1073 1617; x_wconf 79' lang='grc' dir='ltr'><strong><em>ζήσεται</em></strong></span> <span class='ocrx_word' id='word_1_116' title='bbox 1095 1538 1137 1610; x_wconf 88' lang='grc' dir='ltr'><strong><em>είς</em></strong></span> 
     </span>
    </p>

    <p class='ocr_par' dir='ltr' id='par_1_9' title="bbox 123 1633 1137 1716">
     <span class='ocr_line' id='line_1_15' title="bbox 123 1633 1137 1716; baseline 0.001 -20"><span class='ocrx_word' id='word_1_117' title='bbox 123 1634 176 1696; x_wconf 88' lang='grc' dir='ltr'><strong><em>τὸν</em></strong></span> <span class='ocrx_word' id='word_1_118' title='bbox 198 1635 303 1715; x_wconf 82' lang='grc' dir='ltr'><strong><em>αίῶνα,</em></strong></span> <span class='ocrx_word' id='word_1_119' title='bbox 326 1633 508 1716; x_wconf 85' lang='grc' dir='ltr'><strong><em>ἀγνοοῦντος</em></strong></span> <span class='ocrx_word' id='word_1_120' title='bbox 530 1634 580 1696; x_wconf 76' lang='grc' dir='ltr'><strong><em>καί</em></strong></span> <span class='ocrx_word' id='word_1_121' title='bbox 603 1635 796 1712; x_wconf 83' lang='grc' dir='ltr'><strong><em>φθονοῦντός</em></strong></span> <span class='ocrx_word' id='word_1_122' title='bbox 813 1635 873 1697; x_wconf 81' lang='grc' dir='ltr'><strong><em>ἐστι</em></strong></span> <span class='ocrx_word' id='word_1_123' title='bbox 896 1637 1056 1716; x_wconf 84' lang='grc' dir='ltr'><strong><em>σύμβολον,</em></strong></span> <span class='ocrx_word' id='word_1_124' title='bbox 1079 1635 1137 1697; x_wconf 80' lang='grc' dir='ltr'><strong><em>ἀσ-</em></strong></span> 
     </span>
    </p>

    <p class='ocr_par' dir='ltr' id='par_1_10' title="bbox 121 1730 1180 1914">
     <span class='ocr_line' id='line_1_16' title="bbox 121 1730 1180 1816; baseline 0.002 -23"><span class='ocrx_word' id='word_1_125' title='bbox 121 1755 177 1813; x_wconf 89' lang='grc' dir='ltr'><strong><em>περ</em></strong></span> <span class='ocrx_word' id='word_1_126' title='bbox 200 1732 249 1794; x_wconf 82' lang='grc' dir='ltr'><strong><em>καὶ</em></strong></span> <span class='ocrx_word' id='word_1_127' title='bbox 272 1734 316 1796; x_wconf 89' lang='grc' dir='ltr'><strong><em>τό·</em></strong></span> <span class='ocrx_word' id='word_1_128' title='bbox 341 1732 519 1812; x_wconf 76' lang='grc' dir='ltr'><strong><em>ἐνεθυμήθη</em></strong></span> <span class='ocrx_word' id='word_1_129' title='bbox 544 1730 560 1794; x_wconf 88' lang='lat'><em>6</em></span> <span class='ocrx_word' id='word_1_130' title='bbox 582 1734 655 1806; x_wconf 84' lang='grc' dir='ltr'><strong><em>θεὸς</em></strong></span> <span class='ocrx_word' id='word_1_131' title='bbox 679 1734 722 1796; x_wconf 79' lang='grc' dir='ltr'><strong><em>ὅτι</em></strong></span> <span class='ocrx_word' id='word_1_132' title='bbox 746 1733 864 1813; x_wconf 86' lang='grc' dir='ltr'><strong><em>ἐποίησε</em></strong></span> <span class='ocrx_word' id='word_1_133' title='bbox 887 1735 939 1798; x_wconf 86' lang='grc' dir='ltr'><strong><em>τὸν</em></strong></span> <span class='ocrx_word' id='word_1_134' title='bbox 961 1733 1137 1816; x_wconf 85' lang='grc' dir='ltr'><strong><em>άνθρωπον,</em></strong></span> <span class='ocrx_word' id='word_1_135' title='bbox 1152 1753 1180 1795; x_wconf 75' lang='grc' dir='ltr'><strong><em>ιε</em></strong></span> 
     </span>
     <span class='ocr_line' id='line_1_17' title="bbox 123 1829 1138 1914; baseline 0.001 -23"><span class='ocrx_word' id='word_1_136' title='bbox 123 1832 308 1910; x_wconf 88' lang='grc' dir='ltr'><strong><em>μεταμελείας</em></strong></span> <span class='ocrx_word' id='word_1_137' title='bbox 332 1830 391 1892; x_wconf 83' lang='grc' dir='ltr'><strong><em>ἐστί</em></strong></span> <span class='ocrx_word' id='word_1_138' title='bbox 413 1829 463 1891; x_wconf 86' lang='grc' dir='ltr'><strong><em>καί</em></strong></span> <span class='ocrx_word' id='word_1_139' title='bbox 485 1829 607 1912; x_wconf 84' lang='grc' dir='ltr'><strong><em>ἀγνοίας</em></strong></span> <span class='ocrx_word' id='word_1_140' title='bbox 625 1832 784 1914; x_wconf 88' lang='grc' dir='ltr'><strong><em>τεκμήριον</em></strong></span> <span class='ocrx_word' id='word_1_141' title='bbox 801 1842 861 1893; x_wconf 80' lang='grc' dir='ltr'><strong><em>τῶν</em></strong></span> <span class='ocrx_word' id='word_1_142' title='bbox 879 1832 1051 1912; x_wconf 88' lang='grc' dir='ltr'><strong><em>μελλόντων.</em></strong></span> <span class='ocrx_word' id='word_1_143' title='bbox 1086 1831 1138 1893; x_wconf 81' lang='grc' dir='ltr'><strong><em>καί</em></strong></span> 
     </span>
    </p>

    <p class='ocr_par' dir='ltr' id='par_1_11' title="bbox 122 1926 1136 2012">
     <span class='ocr_line' id='line_1_18' title="bbox 122 1926 1136 2012; baseline 0.002 -22"><span class='ocrx_word' id='word_1_144' title='bbox 122 1929 168 1990; x_wconf 84' lang='grc' dir='ltr'><strong><em>τό·</em></strong></span> <span class='ocrx_word' id='word_1_145' title='bbox 192 1926 361 2011; x_wconf 77' lang='grc' dir='ltr'><strong><em>ἀσφράνθη</em></strong></span> <span class='ocrx_word' id='word_1_146' title='bbox 383 1929 487 2012; x_wconf 80' lang='grc' dir='ltr'><strong><em>κύριος</em></strong></span> <span class='ocrx_word' id='word_1_147' title='bbox 510 1927 606 2009; x_wconf 81' lang='grc' dir='ltr'><strong><em>ὀσμήν</em></strong></span> <span class='ocrx_word' id='word_1_148' title='bbox 628 1931 765 2011; x_wconf 79' lang='grc' dir='ltr'><strong><em>εὐωδίας,</em></strong></span> <span class='ocrx_word' id='word_1_149' title='bbox 787 1929 907 2003; x_wconf 79' lang='grc' dir='ltr'><strong><em>ἐνδεοῦς</em></strong></span> <span class='ocrx_word' id='word_1_150' title='bbox 926 1930 986 1992; x_wconf 89' lang='grc' dir='ltr'><strong><em>ἐστι</em></strong></span> <span class='ocrx_word' id='word_1_151' title='bbox 1004 1936 1136 2010; x_wconf 64' lang='grc' dir='ltr'><strong><em>σημείου,</em></strong></span> 
     </span>
    </p>

    <p class='ocr_par' dir='ltr' id='par_1_12' title="bbox 123 2021 1136 2109">
     <span class='ocr_line' id='line_1_19' title="bbox 123 2021 1136 2109; baseline 0.002 -21"><span class='ocrx_word' id='word_1_152' title='bbox 123 2024 164 2100; x_wconf 78' lang='grc' dir='ltr'><strong><em>ὡς</em></strong></span> <span class='ocrx_word' id='word_1_153' title='bbox 190 2025 240 2087; x_wconf 81' lang='grc' dir='ltr'><strong><em>καί</em></strong></span> <span class='ocrx_word' id='word_1_154' title='bbox 267 2026 299 2088; x_wconf 90' lang='grc' dir='ltr'><strong><em>τδ</em></strong></span> <span class='ocrx_word' id='word_1_155' title='bbox 326 2027 473 2108; x_wconf 90' lang='grc' dir='ltr'><strong><em>πειράζειν</em></strong></span> <span class='ocrx_word' id='word_1_156' title='bbox 501 2025 553 2087; x_wconf 85' lang='grc' dir='ltr'><strong><em>τὸν</em></strong></span> <span class='ocrx_word' id='word_1_157' title='bbox 571 2021 705 2109; x_wconf 74' lang='grc' dir='ltr'><strong><em>Ἁβραάμ</em></strong></span> <span class='ocrx_word' id='word_1_158' title='bbox 732 2027 782 2088; x_wconf 86' lang='grc' dir='ltr'><strong><em>καί</em></strong></span> <span class='ocrx_word' id='word_1_159' title='bbox 809 2025 916 2102; x_wconf 84' lang='grc' dir='ltr'><strong><em>ἀλλους</em></strong></span> <span class='ocrx_word' id='word_1_160' title='bbox 939 2028 995 2090; x_wconf 84' lang='grc' dir='ltr'><strong><em>οῦκ</em></strong></span> <span class='ocrx_word' id='word_1_161' title='bbox 1017 2027 1136 2109; x_wconf 83' lang='grc' dir='ltr'><strong><em>ἀγαθοῦ</em></strong></span> 
     </span>
    </p>

    <p class='ocr_par' dir='ltr' id='par_1_13' title="bbox 123 2122 1135 2207">
     <span class='ocr_line' id='line_1_20' title="bbox 123 2122 1135 2207; baseline 0 -21"><span class='ocrx_word' id='word_1_162' title='bbox 123 2124 201 2186; x_wconf 89' lang='grc' dir='ltr'><strong><em>ἐστιν</em></strong></span> <span class='ocrx_word' id='word_1_163' title='bbox 228 2122 378 2197; x_wconf 82' lang='grc' dir='ltr'><strong><em>ἀπόδειξις</em></strong></span> <span class='ocrx_word' id='word_1_164' title='bbox 405 2123 456 2185; x_wconf 81' lang='grc' dir='ltr'><strong><em>καὶ</em></strong></span> <span class='ocrx_word' id='word_1_165' title='bbox 482 2125 515 2186; x_wconf 87' lang='grc' dir='ltr'><strong><em>τὸ</em></strong></span> <span class='ocrx_word' id='word_1_166' title='bbox 537 2123 617 2198; x_wconf 83' lang='grc' dir='ltr'><strong><em>τέλος</em></strong></span> <span class='ocrx_word' id='word_1_167' title='bbox 640 2134 693 2204; x_wconf 79' lang='grc' dir='ltr'><strong><em>τῆς</em></strong></span> <span class='ocrx_word' id='word_1_168' title='bbox 715 2124 871 2206; x_wconf 83' lang='grc' dir='ltr'><strong><em>δπομονής</em></strong></span> <span class='ocrx_word' id='word_1_169' title='bbox 894 2125 935 2205; x_wconf 81' lang='grc' dir='ltr'><strong><em>μή</em></strong></span> <span class='ocrx_word' id='word_1_170' title='bbox 958 2125 1135 2207; x_wconf 86' lang='grc' dir='ltr'><strong><em>προειδότος.</em></strong></span> 
     </span>
    </p>

    <p class='ocr_par' dir='ltr' id='par_1_14' title="bbox 120 2221 1289 2406">
     <span class='ocr_line' id='line_1_21' title="bbox 123 2221 1289 2304; baseline -0.002 -20"><span class='ocrx_word' id='word_1_171' title='bbox 123 2221 140 2284; x_wconf 99' lang='lat'><em>6</em></span> <span class='ocrx_word' id='word_1_172' title='bbox 164 2221 195 2283; x_wconf 79' lang='grc' dir='ltr'><strong><em>δὲ</em></strong></span> <span class='ocrx_word' id='word_1_173' title='bbox 218 2221 331 2303; x_wconf 85' lang='grc' dir='ltr'><strong><em>Πέτρος</em></strong></span> <span class='ocrx_word' id='word_1_174' title='bbox 353 2221 412 2301; x_wconf 78' lang='grc' dir='ltr'><strong><em>ἔφη</em></strong></span> <span class='ocrx_word' id='word_1_175' title='bbox 440 2222 514 2304; x_wconf 88' lang='grc' dir='ltr'><strong><em>πρὸς</em></strong></span> <span class='ocrx_word' id='word_1_176' title='bbox 536 2221 588 2283; x_wconf 88' lang='grc' dir='ltr'><strong><em>τδν</em></strong></span> <span class='ocrx_word' id='word_1_177' title='bbox 610 2224 747 2302; x_wconf 89' lang='grc' dir='ltr'><strong><em>Σίμωνα·</em></strong></span> <span class='ocrx_word' id='word_1_178' title='bbox 778 2223 806 2284; x_wconf 87' lang='grc' dir='ltr'><strong><em>εί</em></strong></span> <span class='ocrx_word' id='word_1_179' title='bbox 826 2223 938 2301; x_wconf 82' lang='grc' dir='ltr'><strong><em>τυφλὸς</em></strong></span> <span class='ocrx_word' id='word_1_180' title='bbox 961 2223 1096 2303; x_wconf 83' lang='grc' dir='ltr'><strong><em>ἐπλάσθη</em></strong></span> <span class='ocrx_word' id='word_1_181' title='bbox 1120 2222 1182 2284; x_wconf 81' lang='grc' dir='ltr'><strong><em>διο</em></strong></span> <span class='ocrx_word' id='word_1_182' title='bbox 1288 2223 1289 2250; x_wconf 74' lang='lat'>³</span> 
     </span>
     <span class='ocr_line' id='line_1_22' title="bbox 120 2315 1139 2406; baseline 0 -24"><span class='ocrx_word' id='word_1_183' title='bbox 120 2315 228 2400; x_wconf 83' lang='grc' dir='ltr'><strong><em>Ἀδάμ,</em></strong></span> <span class='ocrx_word' id='word_1_184' title='bbox 252 2319 292 2394; x_wconf 83' lang='grc' dir='ltr'><strong><em>δος</em></strong></span> <span class='ocrx_word' id='word_1_185' title='bbox 314 2318 419 2402; x_wconf 88' lang='grc' dir='ltr'><strong><em>λέγεις,</em></strong></span> <span class='ocrx_word' id='word_1_186' title='bbox 441 2330 506 2394; x_wconf 82' lang='grc' dir='ltr'><strong><em>πῶς</em></strong></span> <span class='ocrx_word' id='word_1_187' title='bbox 529 2320 730 2400; x_wconf 81' lang='grc' dir='ltr'><strong><em>ἐντελλόμενος</em></strong></span> <span class='ocrx_word' id='word_1_188' title='bbox 753 2320 769 2382; x_wconf 94' lang='lat'><em>6</em></span> <span class='ocrx_word' id='word_1_189' title='bbox 793 2321 865 2394; x_wconf 89' lang='grc' dir='ltr'><strong><em>θεὸς</em></strong></span> <span class='ocrx_word' id='word_1_190' title='bbox 888 2320 1037 2384; x_wconf 80' lang='grc' dir='ltr'><strong><em>ἐδείκνυεν</em></strong></span> <span class='ocrx_word' id='word_1_191' title='bbox 1059 2321 1139 2406; x_wconf 82' lang='grc' dir='ltr'><strong><em>αὐτῷ</em></strong></span> 
     </span>
    </p>

    <p class='ocr_par' dir='ltr' id='par_1_15' title="bbox 123 2416 1287 2908">
     <span class='ocr_line' id='line_1_23' title="bbox 123 2416 1287 2502; baseline 0.001 -22"><span class='ocrx_word' id='word_1_192' title='bbox 123 2417 228 2499; x_wconf 85' lang='grc' dir='ltr'><strong><em>λέγων·</em></strong></span> <span class='ocrx_word' id='word_1_193' title='bbox 251 2417 310 2479; x_wconf 88' lang='grc' dir='ltr'><strong><em>ἀπδ</em></strong></span> <span class='ocrx_word' id='word_1_194' title='bbox 334 2416 366 2479; x_wconf 83' lang='grc' dir='ltr'><strong><em>δέ</em></strong></span> <span class='ocrx_word' id='word_1_195' title='bbox 389 2428 442 2479; x_wconf 92' lang='grc' dir='ltr'><strong><em>τοῦ</em></strong></span> <span class='ocrx_word' id='word_1_196' title='bbox 465 2419 555 2492; x_wconf 84' lang='grc' dir='ltr'><strong><em>ξάλου</em></strong></span> <span class='ocrx_word' id='word_1_197' title='bbox 577 2428 631 2479; x_wconf 85' lang='grc' dir='ltr'><strong><em>τοῦ</em></strong></span> <span class='ocrx_word' id='word_1_198' title='bbox 652 2419 808 2500; x_wconf 83' lang='grc' dir='ltr'><strong><em>γινώσκειν</em></strong></span> <span class='ocrx_word' id='word_1_199' title='bbox 826 2417 917 2480; x_wconf 84' lang='grc' dir='ltr'><strong><em>καλὸν</em></strong></span> <span class='ocrx_word' id='word_1_200' title='bbox 935 2419 985 2480; x_wconf 87' lang='grc' dir='ltr'><strong><em>καί</em></strong></span> <span class='ocrx_word' id='word_1_201' title='bbox 1003 2420 1137 2502; x_wconf 87' lang='grc' dir='ltr'><strong><em>πονηρὸν</em></strong></span> <span class='ocrx_word' id='word_1_202' title='bbox 1286 2471 1287 2502; x_wconf 72' lang='grc'><strong><em>,</em></strong></span> 
     </span>
     <span class='ocr_line' id='line_1_24' title="bbox 124 2503 1287 2598; baseline 0.003 -21"><span class='ocrx_word' id='word_1_203' title='bbox 124 2516 162 2578; x_wconf 84' lang='grc' dir='ltr'><strong><em>οῦ</em></strong></span> <span class='ocrx_word' id='word_1_204' title='bbox 185 2517 331 2598; x_wconf 83' lang='grc' dir='ltr'><strong><em>φάγεσθε;</em></strong></span> <span class='ocrx_word' id='word_1_205' title='bbox 354 2515 404 2577; x_wconf 81' lang='grc' dir='ltr'><strong><em>καὶ</em></strong></span> <span class='ocrx_word' id='word_1_206' title='bbox 427 2513 443 2576; x_wconf 95' lang='lat'><em>6</em></span> <span class='ocrx_word' id='word_1_207' title='bbox 462 2518 567 2595; x_wconf 92' lang='grc' dir='ltr'><strong><em>Σίμων</em></strong></span> <span class='ocrx_word' id='word_1_208' title='bbox 590 2518 698 2596; x_wconf 86' lang='grc' dir='ltr'><strong><em>φησίν·</em></strong></span> <span class='ocrx_word' id='word_1_209' title='bbox 721 2516 833 2593; x_wconf 82' lang='grc' dir='ltr'><strong><em>τυφλὸς</em></strong></span> <span class='ocrx_word' id='word_1_210' title='bbox 851 2509 891 2596; x_wconf 82' lang='grc' dir='ltr'><strong><em>ήν</em></strong></span> <span class='ocrx_word' id='word_1_211' title='bbox 910 2515 926 2579; x_wconf 88' lang='lat'><em>6</em></span> <span class='ocrx_word' id='word_1_212' title='bbox 944 2527 1017 2591; x_wconf 91' lang='grc' dir='ltr'><strong><em>νοῦς</em></strong></span> <span class='ocrx_word' id='word_1_213' title='bbox 1035 2517 1136 2580; x_wconf 80' lang='grc' dir='ltr'><strong><em>αὐτοῦ.</em></strong></span> <span class='ocrx_word' id='word_1_214' title='bbox 1286 2503 1287 2571; x_wconf 70' lang='grc' dir='ltr'><strong><em>λ</em></strong></span> 
     </span>
     <span class='ocr_line' id='line_1_25' title="bbox 123 2607 1137 2698; baseline 0.001 -23"><span class='ocrx_word' id='word_1_215' title='bbox 123 2613 174 2675; x_wconf 85' lang='grc' dir='ltr'><strong><em>καὶ</em></strong></span> <span class='ocrx_word' id='word_1_216' title='bbox 201 2612 217 2675; x_wconf 90' lang='lat'><em>6</em></span> <span class='ocrx_word' id='word_1_217' title='bbox 245 2613 371 2695; x_wconf 83' lang='grc' dir='ltr'><strong><em>Πέτρος·</em></strong></span> <span class='ocrx_word' id='word_1_218' title='bbox 390 2624 462 2687; x_wconf 81' lang='grc' dir='ltr'><strong><em>πῶς</em></strong></span> <span class='ocrx_word' id='word_1_219' title='bbox 489 2613 539 2675; x_wconf 85' lang='grc' dir='ltr'><strong><em>καί</em></strong></span> <span class='ocrx_word' id='word_1_220' title='bbox 566 2614 619 2676; x_wconf 89' lang='grc' dir='ltr'><strong><em>τὸν</em></strong></span> <span class='ocrx_word' id='word_1_221' title='bbox 645 2624 721 2676; x_wconf 90' lang='grc' dir='ltr'><strong><em>νοῦν</em></strong></span> <span class='ocrx_word' id='word_1_222' title='bbox 747 2613 859 2692; x_wconf 83' lang='grc' dir='ltr'><strong><em>τυφλὸς</em></strong></span> <span class='ocrx_word' id='word_1_223' title='bbox 886 2607 926 2694; x_wconf 78' lang='grc' dir='ltr'><strong><em>ἦν</em></strong></span> <span class='ocrx_word' id='word_1_224' title='bbox 954 2613 970 2677; x_wconf 88' lang='lat'><em>6</em></span> <span class='ocrx_word' id='word_1_225' title='bbox 999 2615 1057 2698; x_wconf 88' lang='grc' dir='ltr'><strong><em>πρὸ</em></strong></span> <span class='ocrx_word' id='word_1_226' title='bbox 1084 2624 1137 2677; x_wconf 90' lang='grc' dir='ltr'><strong><em>τοῦ</em></strong></span> 
     </span>
     <span class='ocr_line' id='line_1_26' title="bbox 123 2711 1285 2794; baseline 0.005 -22"><span class='ocrx_word' id='word_1_227' title='bbox 123 2711 289 2793; x_wconf 79' lang='grc' dir='ltr'><strong><em>γεύσασθαι</em></strong></span> <span class='ocrx_word' id='word_1_228' title='bbox 314 2720 368 2772; x_wconf 86' lang='grc' dir='ltr'><strong><em>τοῦ</em></strong></span> <span class='ocrx_word' id='word_1_229' title='bbox 395 2720 493 2787; x_wconf 84' lang='grc' dir='ltr'><strong><em>φυτοῦ</em></strong></span> <span class='ocrx_word' id='word_1_230' title='bbox 520 2713 700 2794; x_wconf 85' lang='grc' dir='ltr'><strong><em>προσφόρως</em></strong></span> <span class='ocrx_word' id='word_1_231' title='bbox 727 2723 800 2773; x_wconf 84' lang='grc' dir='ltr'><strong><em>πᾶσι</em></strong></span> <span class='ocrx_word' id='word_1_232' title='bbox 826 2719 888 2786; x_wconf 84' lang='grc' dir='ltr'><strong><em>τοῖς</em></strong></span> <span class='ocrx_word' id='word_1_233' title='bbox 915 2715 1000 2787; x_wconf 85' lang='grc' dir='ltr'><strong><em>ζώοις</em></strong></span> <span class='ocrx_word' id='word_1_234' title='bbox 1022 2712 1136 2787; x_wconf 86' lang='grc' dir='ltr'><strong><em>ἐπιθείς</em></strong></span> <span class='ocrx_word' id='word_1_235' title='bbox 1151 2730 1180 2772; x_wconf 76' lang='grc' dir='ltr'><strong><em>ιε</em></strong></span> <span class='ocrx_word' id='word_1_236' title='bbox 1284 2759 1285 2778; x_wconf 49' lang='grc' dir='ltr'><strong><em>ι</em></strong></span> 
     </span>
     <span class='ocr_line' id='line_1_27' title="bbox 125 2783 1285 2908; baseline 0.001 -37"><span class='ocrx_word' id='word_1_237' title='bbox 125 2806 268 2888; x_wconf 85' lang='grc' dir='ltr'><strong><em>ἀνόματα;</em></strong></span> <span class='ocrx_word' id='word_1_238' title='bbox 301 2809 345 2871; x_wconf 81' lang='grc' dir='ltr'><strong><em>ὅτι</em></strong></span> <span class='ocrx_word' id='word_1_239' title='bbox 376 2810 432 2892; x_wconf 83' lang='grc' dir='ltr'><strong><em>γὰρ</em></strong></span> <span class='ocrx_word' id='word_1_240' title='bbox 464 2809 514 2871; x_wconf 80' lang='grc' dir='ltr'><strong><em>καί</em></strong></span> <span class='ocrx_word' id='word_1_241' title='bbox 540 2810 610 2884; x_wconf 84' lang='grc' dir='ltr'><strong><em>τοὺς</em></strong></span> <span class='ocrx_word' id='word_1_242' title='bbox 637 2821 689 2891; x_wconf 78' lang='grc' dir='ltr'><strong><em>τῆς</em></strong></span> <span class='ocrx_word' id='word_1_243' title='bbox 715 2819 817 2892; x_wconf 76' lang='grc' dir='ltr'><strong><em>ψυχῆς</em></strong></span> <span class='ocrx_word' id='word_1_244' title='bbox 844 2810 893 2872; x_wconf 75' lang='grc' dir='ltr'><strong><em>καί</em></strong></span> <span class='ocrx_word' id='word_1_245' title='bbox 920 2820 974 2872; x_wconf 89' lang='grc' dir='ltr'><strong><em>τοῦ</em></strong></span> <span class='ocrx_word' id='word_1_246' title='bbox 1004 2811 1137 2890; x_wconf 88' lang='grc' dir='ltr'><strong><em>σώματος</em></strong></span> <span class='ocrx_word' id='word_1_247' title='bbox 1283 2783 1285 2908; x_wconf 69' lang='grc' dir='ltr'><strong><em>ή</em></strong></span> 
     </span>
    </p>
   </div>
   <div class='ocr_carea' id='block_1_3' title="bbox 126 3007 1140 3221">
    <p class='ocr_par' dir='ltr' id='par_1_16' title="bbox 126 3007 1140 3221">
     <span class='ocr_line' id='line_1_28' title="bbox 196 3007 1140 3076; baseline 0.003 -15"><span class='ocrx_word' id='word_1_248' title='bbox 196 3007 294 3063; x_wconf 69' lang='grc' dir='ltr'><strong><em>οδω,</em></strong></span> <span class='ocrx_word' id='word_1_249' title='bbox 311 3014 353 3076; x_wconf 81' lang='grc' dir='ltr'><strong><em>ιο,</em></strong></span> <span class='ocrx_word' id='word_1_250' title='bbox 368 3015 410 3062; x_wconf 80' lang='grc' dir='ltr'><strong><em>ει.</em></strong></span> <span class='ocrx_word' id='word_1_251' title='bbox 425 3041 460 3048; x_wconf 95' lang='grc'><strong>-</strong></span> <span class='ocrx_word' id='word_1_252' title='bbox 476 3014 508 3063; x_wconf 81' lang='lat'><strong><em>12</em></strong></span> <span class='ocrx_word' id='word_1_253' title='bbox 524 3008 592 3064; x_wconf 76' lang='lat' dir='ltr'><strong>Gen.</strong></span> <span class='ocrx_word' id='word_1_254' title='bbox 608 3015 634 3076; x_wconf 82' lang='grc' dir='ltr'><strong><em>ο,</em></strong></span> <span class='ocrx_word' id='word_1_255' title='bbox 648 3015 690 3062; x_wconf 79' lang='grc' dir='ltr'><strong><em>οε.</em></strong></span> <span class='ocrx_word' id='word_1_256' title='bbox 706 3041 739 3049; x_wconf 90' lang='grc'><strong>-</strong></span> <span class='ocrx_word' id='word_1_257' title='bbox 756 3013 788 3062; x_wconf 84' lang='grc' dir='ltr'><strong><em>ιι</em></strong></span> <span class='ocrx_word' id='word_1_258' title='bbox 804 3008 871 3063; x_wconf 74' lang='lat' dir='ltr'>Gen.</span> <span class='ocrx_word' id='word_1_259' title='bbox 888 3014 911 3074; x_wconf 84' lang='lat'><strong><em>6,</em></strong></span> <span class='ocrx_word' id='word_1_260' title='bbox 928 3014 952 3062; x_wconf 83' lang='grc' dir='ltr'><strong><em>ι.</em></strong></span> <span class='ocrx_word' id='word_1_261' title='bbox 968 3041 1001 3049; x_wconf 91' lang='grc'><strong>-</strong></span> <span class='ocrx_word' id='word_1_262' title='bbox 1019 3015 1052 3062; x_wconf 83' lang='grc' dir='ltr'><strong><em>ιι</em></strong></span> <span class='ocrx_word' id='word_1_263' title='bbox 1067 3009 1140 3064; x_wconf 76' lang='lat' dir='ltr'><strong>Gen..</strong></span> 
     </span>
     <span class='ocr_line' id='line_1_29' title="bbox 126 3079 1137 3149; baseline 0.001 -17"><span class='ocrx_word' id='word_1_264' title='bbox 126 3083 151 3147; x_wconf 87' lang='lat'><strong><em>8,</em></strong></span> <span class='ocrx_word' id='word_1_265' title='bbox 162 3085 205 3134; x_wconf 79' lang='lat'><strong><em>21.</em></strong></span> <span class='ocrx_word' id='word_1_266' title='bbox 226 3111 258 3120; x_wconf 92' lang='lat'><em>-</em></span> <span class='ocrx_word' id='word_1_267' title='bbox 278 3084 383 3134; x_wconf 74' lang='lat'><em>20-26</em></span> <span class='ocrx_word' id='word_1_268' title='bbox 402 3079 487 3134; x_wconf 69' lang='grc' dir='ltr'><strong><em>(λίθω.</em></strong></span> <span class='ocrx_word' id='word_1_269' title='bbox 501 3080 581 3135; x_wconf 90' lang='lat' dir='ltr'>Hom.</span> <span class='ocrx_word' id='word_1_270' title='bbox 591 3081 639 3147; x_wconf 84' lang='lat' dir='ltr'>III,</span> <span class='ocrx_word' id='word_1_271' title='bbox 653 3098 694 3149; x_wconf 80' lang='grc' dir='ltr'><strong><em>ομ.</em></strong></span> <span class='ocrx_word' id='word_1_272' title='bbox 705 3086 739 3133; x_wconf 77' lang='lat'><strong><em>42</em></strong></span> <span class='ocrx_word' id='word_1_273' title='bbox 758 3079 941 3148; x_wconf 81' lang='lat' dir='ltr'><strong>Migne&#39;I&#39;om.</strong></span> <span class='ocrx_word' id='word_1_274' title='bbox 953 3085 978 3147; x_wconf 76' lang='lat'><strong><em>2,</em></strong></span> <span class='ocrx_word' id='word_1_275' title='bbox 993 3080 1082 3135; x_wconf 76' lang='lat'><strong>1371).</strong></span> <span class='ocrx_word' id='word_1_276' title='bbox 1101 3114 1137 3122; x_wconf 94' lang='lat'><em>-</em></span> 
     </span>
     <span class='ocr_line' id='line_1_30' title="bbox 126 3148 1140 3221; baseline 0.003 -16"><span class='ocrx_word' id='word_1_277' title='bbox 126 3156 159 3205; x_wconf 69' lang='grc' dir='ltr'><strong><em>λλ</em></strong></span> <span class='ocrx_word' id='word_1_278' title='bbox 175 3150 331 3219; x_wconf 76' lang='lat' dir='ltr'><strong>Gon.2,1‘l.</strong></span> <span class='ocrx_word' id='word_1_279' title='bbox 346 3183 382 3192; x_wconf 95' lang='lat'>—</span> <span class='ocrx_word' id='word_1_280' title='bbox 396 3157 492 3221; x_wconf 70' lang='lat'><em>26-10.</em></span> <span class='ocrx_word' id='word_1_281' title='bbox 504 3157 564 3218; x_wconf 80' lang='lat'><strong><em>369,</em></strong></span> <span class='ocrx_word' id='word_1_282' title='bbox 573 3158 588 3205; x_wconf 80' lang='lat'>2</span> <span class='ocrx_word' id='word_1_283' title='bbox 598 3154 632 3220; x_wconf 79' lang='lat' dir='ltr'><strong><em>cs.</em></strong></span> <span class='ocrx_word' id='word_1_284' title='bbox 643 3152 780 3206; x_wconf 81' lang='lat' dir='ltr'>Theodos.</span> <span class='ocrx_word' id='word_1_285' title='bbox 791 3151 879 3205; x_wconf 71' lang='lat' dir='ltr'><strong>Melit.</strong></span> <span class='ocrx_word' id='word_1_286' title='bbox 891 3148 990 3206; x_wconf 74' lang='lat' dir='ltr'>Chxon.</span> <span class='ocrx_word' id='word_1_287' title='bbox 1001 3169 1030 3221; x_wconf 79' lang='lat' dir='ltr'><strong><em>p.</em></strong></span> <span class='ocrx_word' id='word_1_288' title='bbox 1042 3155 1140 3207; x_wconf 82' lang='grc' dir='ltr'><strong><em>8υιτδ..</em></strong></span> 
     </span>
    </p>
   </div>
   <div class='ocr_carea' id='block_1_4' title="bbox 196 3336 1142 3465">
    <p class='ocr_par' dir='ltr' id='par_1_17' title="bbox 196 3336 1142 3465">
     <span class='ocr_line' id='line_1_31' title="bbox 196 3336 1142 3465; baseline 0.003 -73"><span class='ocrx_word' id='word_1_289' title='bbox 196 3338 301 3407; x_wconf 72' lang='grc' dir='ltr'><strong><em>δίψης</em></strong></span> <span class='ocrx_word' id='word_1_290' title='bbox 319 3338 345 3390; x_wconf 84' lang='grc' dir='ltr'><strong>Α</strong></span> <span class='ocrx_word' id='word_1_291' title='bbox 362 3354 412 3392; x_wconf 79' lang='lat' dir='ltr'><strong><em>om.</em></strong></span> <span class='ocrx_word' id='word_1_292' title='bbox 428 3337 458 3390; x_wconf 90' lang='grc' dir='ltr'>Μ</span> <span class='ocrx_word' id='word_1_293' title='bbox 481 3345 536 3406; x_wconf 80' lang='grc' dir='ltr'><strong><em>φής</em></strong></span> <span class='ocrx_word' id='word_1_294' title='bbox 553 3338 612 3391; x_wconf 80' lang='lat' dir='ltr'>rell.</span> <span class='ocrx_word' id='word_1_295' title='bbox 632 3371 666 3379; x_wconf 91' lang='lat'><em>-</em></span> <span class='ocrx_word' id='word_1_296' title='bbox 692 3345 724 3392; x_wconf 74' lang='lat'><strong><em>12</em></strong></span> <span class='ocrx_word' id='word_1_297' title='bbox 745 3338 917 3465; x_wconf 81' lang='grc' dir='ltr'><strong><em>έηβάλλωμεν</em></strong></span> <span class='ocrx_word' id='word_1_298' title='bbox 935 3336 1020 3392; x_wconf 83' lang='lat' dir='ltr'><strong>DRV-</strong></span> <span class='ocrx_word' id='word_1_299' title='bbox 1040 3339 1142 3412; x_wconf 58' lang='lat' dir='ltr'><strong><em>§uada-</em></strong></span> 
     </span>
    </p>
   </div>
   <div class='ocr_carea' id='block_1_5' title="bbox 125 3408 1042 3479">
    <p class='ocr_par' dir='ltr' id='par_1_18' title="bbox 125 3408 1042 3479">
     <span class='ocr_line' id='line_1_32' title="bbox 125 3408 1042 3479; baseline 0.005 -17"><span class='ocrx_word' id='word_1_300' title='bbox 125 3413 207 3478; x_wconf 87' lang='grc' dir='ltr'><strong><em>λομεν</em></strong></span> <span class='ocrx_word' id='word_1_301' title='bbox 226 3409 290 3463; x_wconf 89' lang='grc' dir='ltr'><strong><em>ΒΜ.</em></strong></span> <span class='ocrx_word' id='word_1_302' title='bbox 311 3440 344 3448; x_wconf 97' lang='grc'>-</span> <span class='ocrx_word' id='word_1_303' title='bbox 365 3415 398 3462; x_wconf 84' lang='grc' dir='ltr'><strong><em>1ὀ</em></strong></span> <span class='ocrx_word' id='word_1_304' title='bbox 417 3408 432 3462; x_wconf 95' lang='lat'><em>6</em></span> <span class='ocrx_word' id='word_1_305' title='bbox 451 3409 520 3473; x_wconf 85' lang='grc' dir='ltr'><strong><em>θεὸς</em></strong></span> <span class='ocrx_word' id='word_1_306' title='bbox 538 3425 588 3464; x_wconf 85' lang='lat' dir='ltr'><strong><em>om.</em></strong></span> <span class='ocrx_word' id='word_1_307' title='bbox 603 3409 637 3463; x_wconf 89' lang='lat' dir='ltr'><strong><em>N.</em></strong></span> <span class='ocrx_word' id='word_1_308' title='bbox 658 3442 691 3450; x_wconf 95' lang='lat'><em>-</em></span> <span class='ocrx_word' id='word_1_309' title='bbox 713 3417 745 3464; x_wconf 76' lang='lat'><strong><em>1⁷</em></strong></span> <span class='ocrx_word' id='word_1_310' title='bbox 782 3409 917 3479; x_wconf 84' lang='grc' dir='ltr'><strong><em>σφράνθη</em></strong></span> <span class='ocrx_word' id='word_1_311' title='bbox 936 3409 1042 3467; x_wconf 80' lang='lat' dir='ltr'>BFPV.</span> 
     </span>
    </p>
   </div>
   <div class='ocr_carea' id='block_1_6' title="bbox 197 3593 773 3667">
    <p class='ocr_par' dir='ltr' id='par_1_19' title="bbox 197 3593 773 3667">
     <span class='ocr_line' id='line_1_33' title="bbox 197 3593 773 3667; baseline 0.009 -18"><span class='ocrx_word' id='word_1_312' title='bbox 197 3602 230 3649; x_wconf 76' lang='lat'><strong><em>20</em></strong></span> <span class='ocrx_word' id='word_1_313' title='bbox 247 3596 320 3665; x_wconf 83' lang='grc' dir='ltr'><strong><em>πρὸς</em></strong></span> <span class='ocrx_word' id='word_1_314' title='bbox 336 3594 387 3650; x_wconf 86' lang='grc' dir='ltr'><strong><em>τὸν</em></strong></span> <span class='ocrx_word' id='word_1_315' title='bbox 405 3593 535 3667; x_wconf 89' lang='grc' dir='ltr'><strong><em>Σίμωνα]</em></strong></span> <span class='ocrx_word' id='word_1_316' title='bbox 553 3597 624 3664; x_wconf 83' lang='grc' dir='ltr'><strong><em>πρὸς</em></strong></span> <span class='ocrx_word' id='word_1_317' title='bbox 637 3593 707 3653; x_wconf 82' lang='grc' dir='ltr'><strong><em>αῦτδ</em></strong></span> <span class='ocrx_word' id='word_1_318' title='bbox 743 3599 773 3654; x_wconf 89' lang='lat' dir='ltr'><strong><em>P.</em></strong></span> 
     </span>
    </p>
   </div>
   <div class='ocr_carea' id='block_1_7' title="bbox 0 0 1325 3909">
    <p class='ocr_par' dir='ltr' id='par_1_20' title="bbox 0 0 1325 3909">
     <span class='ocr_line' id='line_1_34' title="bbox 0 0 1325 3909; baseline 0 0"><span class='ocrx_word' id='word_1_319' title='bbox 0 0 1325 3909; x_wconf 95' lang='lat' dir='ltr'><strong><em> </em></strong></span> 
     </span>
    </p>
   </div>
  </div>
 </body>
</html>
