2617 3909
160 247 275 297 LXVIII
564 240 767 293 PRAEFATIO

227 392 285 452 His
304 392 465 467 disputatis
484 391 616 450 codicem
629 390 660 449 P
678 394 748 451 6616
766 391 879 450 librum
897 393 1063 451 ceterorum
1081 389 1184 448 666116-
1295 391 1296 416 ¹

161 486 269 560 typum
287 483 433 558 scriptum
456 482 486 538 et
509 479 547 539 ab
565 480 654 540 huius
678 482 824 556 scriptore
845 483 879 540 in
901 500 989 541 usum
1007 498 1095 539 suum
1114 498 1184 539 con·

161 590 280 633 versum
307 588 370 630 6666
397 572 532 647 apparet.
577 570 621 628 111
647 570 709 629 1661
735 571 855 629 exstant
885 570 982 629 multo
1010 570 1035 628 ii
1062 568 1186 645 quidem

161 661 330 738 pauciores,
363 659 470 735 quibus
498 660 603 718 contra
634 679 698 718 rem
725 678 757 719 66
788 659 898 719 habere
930 658 1009 718 effici
1036 658 1185 717 videatur.
1296 673 1297 696 ¹

161 751 262 826 Atque
298 751 363 825 ipse
398 749 432 807 16
468 748 769 809 commentationibus
805 750 839 807 16
870 746 998 807 Arnoldi
1030 746 1186 807 Schaeferi

161 841 304 898 honorem
323 837 412 896 editis
431 836 577 897 eiusmodi
599 837 779 897 sententiam
801 837 868 899 toli
904 835 1187 895 Animadverteram

164 930 265 987 autem
291 928 323 984 in
347 923 410 985 Ac
435 925 580 985 66666116
612 946 648 985 ex
679 928 808 1002 epitome
835 946 852 985 6
880 926 1029 986 Theodori
1051 924 1186 985 Lectoris

162 1016 289 1076 historia
317 1016 518 1075 ecclesiastica
546 1018 685 1092 excerpta
712 1016 823 1075 rectius
852 1015 1073 1091 repraesentari
1094 1033 1188 1091 quam

163 1109 195 1165 in
218 1106 253 1163 P.
297 1104 413 1164 Deinde
439 1106 503 1165 1616
534 1122 625 1180 supra
657 1104 775 1179 notavi,
808 1104 946 1179 quamvis
977 1104 1121 1180 pleraque
1151 1123 1187 1163 ex

164 1194 360 1270 scriptoribus
388 1193 596 1254 ecclesiasticis
625 1196 765 1269 excerpta
790 1195 823 1252 in
845 1193 875 1252 P
897 1194 1021 1269 propius
1044 1192 1146 1251 absint
1169 1212 1188 1253 a

163 1284 296 1344 fontium
322 1286 421 1359 textu,
453 1282 598 1342 1166611116
625 1286 728 1342 1611166
757 1282 860 1341 abesse
889 1282 1009 1359 longius
1038 1300 1129 1357 quam
1155 1282 1188 1339 in

165 1374 271 1433 6616616
294 1372 388 1431 libris.
430 1372 498 1431 Non
521 1390 589 1431 6666
613 1372 742 1448 denique
764 1371 872 1431 611116
895 1372 1001 1431 ceteris
1024 1370 1110 1429 libris
1128 1371 1190 1430 1661

165 1464 293 1520 maxime
307 1481 323 1520 6
338 1460 533 1537 scriptoribus
548 1460 756 1521 ecclesiasticis
770 1462 902 1537 excerpti
915 1461 1056 1521 continue
1069 1480 1189 1536 reprae-

167 1552 333 1623 sentantur,
351 1550 384 1607 in
402 1549 456 1607 hos
474 1549 507 1606 in
520 1549 550 1607 P
569 1551 654 1609 66616
673 1553 744 1610 sunt
757 1551 886 1610 maxime
904 1569 921 1609 6
939 1551 1088 1625 scriptura
1102 1568 1190 1610 66666

164 1639 329 1699 1666166166
350 1638 542 1713 interpolata.

232 1727 299 1787 Iam
325 1746 394 1786 cum
421 1727 575 1786 obscurari
603 1746 706 1787 rursus
736 1728 773 1787 16
799 1728 945 1787 librorum
971 1727 1191 1787 necessitudine

165 1816 310 1877 1611616111
328 1816 475 1892 rideatur,
497 1819 577 1875 66616
595 1819 698 1876 166166
716 1819 896 1877 sententiam
913 1818 1051 1892 feremus,
1070 1817 1097 1876 si
1114 1816 1191 1877 duas

169 1906 279 1966 6611616
297 1906 328 1964 Ρ
341 1907 428 1965 66166
447 1905 755 1982 animadverterimus,
774 1908 902 1967 alteram
919 1909 1004 1966 iuxta
1025 1925 1055 1982 p.
1071 1907 1145 1980 170,
1162 1908 1193 1981 5,

167 1995 220 2054 ubi
242 1995 275 2053 in
297 1997 384 2055 textu
410 1998 480 2071 post
502 1992 691 2075 ὑψηλότερον
713 1997 832 2074 signum
856 1999 968 2069 exstat,
998 1998 1031 2054 in
1053 1998 1192 2073 margine

168 2085 367 2161 adscriptam:
384 2081 488 2145 πολλοὶ
501 2091 662 2164 τοιγαροῦν
675 2084 817 2157 πολλάκις
830 2078 883 2145 ὑπ’
899 2083 1005 2156 ἀνοίας
1018 2082 1070 2144 καλ
1084 2087 1192 2165 μεγαλ-

168 2173 273 2254 αυχίας
296 2165 469 2255 (μελανχίας
487 2166 565 2256 661.)
590 2172 751 2253 φερόμενοι
772 2171 823 2233 cut
850 2173 906 2235 εἴτε
933 2171 983 2234 ἐπὶ
1002 2172 1121 2257 πλούτῳ
1140 2171 1193 2235 καὶ

169 2263 327 2346 δυναστείᾳ
354 2261 410 2322 εἴτε
437 2260 486 2323 ἐπὶ
513 2262 599 2345 ῥώμῃ
622 2261 758 2340 σώματος
786 2262 843 2323 εἴτε
865 2257 912 2323 ἐπ’
936 2259 1011 2345 ἄλλῃ
1034 2260 1093 2322 τινὶ
1116 2264 1192 2342 βοη-

169 2372 368 2487 116666ὶέ11
392 2396 581 2486 (ἐντεῦθενῖ)
605 2403 647 2475 είς
670 2403 703 2465 τὸ
726 2404 844 2484 βιβλίον
866 2402 898 2464 τὸ
920 2404 1089 2484 acceptaris,
1116 2406 1192 2465 6116·

169 2515 236 2554 ram
258 2495 328 2569 post
354 2489 601 2573 ἀποκραθήσομαί
621 2509 669 2553 σοι
690 2513 719 2570 p.
741 2496 874 2569 171,11
899 2496 932 2552 16
954 2495 1055 2570 ipsum
1076 2498 1195 2555 textum

171 2637 330 2694 insertam:
362 2630 439 2711 φησὶ
471 2630 503 2693 δὲ
535 2631 585 2693 καὶ
619 2634 813 2715 Θεοδώρητος
843 2631 921 2707 τινὲς
952 2632 1006 2714 μὲν
1035 2606 1194 2713 {paravi

172 2716 363 2806 (ἐντεῦθενῗ)
387 2721 431 2794 είς
453 2720 485 2782 τὸ
505 2730 621 2803 propos
643 2723 769 2803 βιβλίον.
811 2724 889 2784 Sunt
909 2726 967 2785 1166
988 2728 1079 2786 66166
1102 2727 1195 2803 scrip·

172 2816 247 2873 16616
271 2811 426 2872 6611161616
454 2813 519 2887 qui,
546 2831 615 2873 cum
642 2814 677 2871 in
703 2814 893 2891 compilando
921 2833 1011 2890 opere
1036 2815 1135 2874 multa
1158 2835 1197 2875 ex

173 2903 276 2962 multis
304 2902 390 2960 libris
423 2902 583 2979 excerpsit,
614 2902 664 2962 hic
695 2903 760 2963 illic
791 2902 949 2965 adnotasse
981 2906 1055 2965 satis
1087 2904 1197 2965 habuit

172 2993 306 3051 locorum
323 2991 422 3063 initia,
445 3009 520 3067 quos
540 2993 646 3069 postea
663 2993 796 3070 integros
813 2996 1038 3069 repraesentare
1060 2996 1197 3054 animum

172 3081 299 3140 16161111.
340 3079 384 3139 At
406 3082 524 3156 praeter
545 3081 600 3141 has
622 3084 711 3141 notas
734 3100 802 3141 cum
823 3084 857 3141 in
879 3083 989 3143 codicis
1010 3084 1040 3141 P
1058 3086 1195 3161 margine

175 3189 272 3248 pauca
293 3172 414 3229 tantum
432 3170 545 3229 scholia
568 3189 663 3247 eaque
681 3171 785 3231 brevia
807 3174 839 3231 et
861 3173 968 3251 exigua
991 3172 1197 3248 exhibeantur,

175 3261 352 3335 praesertim
375 3278 502 3335 quarum
525 3260 621 3319 611666
642 3260 675 3318 16
693 3262 794 3337 ipsum
815 3263 931 3320 textum
949 3261 1111 3337 irrepserit,
1133 3281 1196 3321 non

174 3348 316 3408 librarius
344 3348 453 3407 codicis
476 3347 509 3406 P
528 3351 628 3409 textus
656 3349 787 3427 augendi
813 3350 912 3410 studio
941 3352 1079 3410 incensus
1101 3351 1196 3411 libros

177 3437 321 3496 evolvisse
344 3440 490 3513 notasque
513 3438 581 3495 11166
605 3438 764 3513 addidisse,
787 3440 838 3498 sed
860 3441 893 3497 in
915 3440 993 3498 libro
1015 3457 1070 3498 suo
1093 3441 1197 3501 666116-

176 3529 249 3603 typo
272 3527 410 3585 inventas
432 3528 671 3601 transscripsisse
693 3527 845 3603 putandus
868 3532 921 3588 est.

243 3614 319 3674 Erat
342 3616 443 3674 autem
464 3614 666 3675 meoiudicio
690 3616 766 3675 liber
788 3616 837 3676 hic
860 3617 1038 3695 archetypus
1062 3616 1100 3677 ab
1128 3617 1196 3695 ipso
