2617 3909
184 221 249 286 124
493 183 879 276 rumoT'MoNAxoT

96 388 123 428 εο
136 385 168 426 M·
182 373 280 456 εδρείμ
301 369 351 433 καί
373 371 553 452 παραστάσει
575 377 665 451 θεοῦ,
692 371 764 445 θεὸς
790 369 841 432 καί
865 371 1045 454 θεοφάντωρ
1068 364 1129 452 ἤδη
1153 397 1203 454 γε·

182 469 309 549 νόμευος
341 467 392 530 καί
423 467 496 550 ὑπὲρ
527 469 620 547 φύσιν
652 468 852 551 ἀνθρωπίνην
883 471 1038 552 καρτερίαν
1069 469 1119 531 καί
1152 471 1203 532 εύ-

183 568 286 629 τονίαν
321 566 553 648 ἐπιδειξάμενος,
589 569 645 628 ελτε
681 567 714 628 ἐν
750 566 862 646 σάματι
897 565 995 628 πίλων
1030 568 1086 648 εἴτε
1118 567 1204 642 ἐκτὸς

182 674 235 727 τού
262 665 396 743 σώματος
423 663 439 726 δ
462 665 535 738 θεὸς
562 665 653 745 μόνος
681 659 763 726 οίδεν
790 663 806 726 δ
829 673 936 726 τούτου
963 665 1058 738 ούτως
1079 664 1203 745 ἀποφή-

156 785 237 835 σνας
263 761 314 823 καί
340 761 503 845 ὑπερφυῶς
530 764 664 837 δοξάσας.
710 756 771 824 είτα
799 762 888 824 πάλιν
917 765 995 841 φησί
1016 779 1023 792 ·
1051 761 1142 842 ἡνίκα
1170 761 1200 825 δ’

182 858 221 920 διν
248 859 444 942 εἰσεπορεύετο
473 865 613 940 Μούσης
632 861 686 934 είς
713 860 768 939 τὴν
795 859 912 938 σκηνὴν
943 869 996 921 τοῦ
1026 848 1203 942 μαρτυρίου,

186 957 312 1036 εἱστήκει
334 968 393 1031 πᾶς
416 957 432 1020 δ
456 957 526 1030 λαὸς
552 958 754 1030 σκοπεύοντες.
802 955 841 1030 ὡς
864 953 893 1018 δ’
918 955 956 1018 διν
978 959 1098 1038 εἰσῆλθε
1122 964 1202 1022 Μω-

182 1063 259 1136 ύσης
281 1056 324 1129 είς
346 1055 402 1136 τὴν
423 1056 550 1136 σκηνήν,
573 1055 745 1136 κατέβαινεν
768 1053 784 1116 ὃ
808 1060 913 1128 στύλος
934 1065 988 1136 ,τῆς
1005 1056 1132 1137 νεφέλης
1151 1056 1203 1118 καὶ

183 1151 199 1214 δ
221 1153 294 1226 θεὸς
321 1153 369 1215 ἐπί
396 1153 452 1233 τὴν
480 1154 611 1234 σκηνήν,
635 1151 652 1214 δ
679 1152 712 1216 δὲ
739 1153 808 1227 λαὸς
835 1153 911 1236 ἕάρα
928 1153 990 1215 -τὸυ
1017 1160 1125 1216 στύλον
1148 1165 1202 1236 τῆς

142 1275 170 1316 ω
182 1250 310 1332 νεφέλης
340 1250 391 1312 καί
423 1252 629 1335 προσεκύνουν
661 1250 780 1326 ἕκαστος
812 1251 845 1312 ἐκ
876 1261 929 1332 τῆς
956 1261 1070 1332 σκηνῆς
1097 1252 1200 1315 αὐτοῦ.

182 1348 232 1410 καί
255 1351 349 1422 ούτως
373 1348 465 1410 ἐλάλει
489 1350 592 1431 κύριος
615 1349 685 1428 μετὰ
708 1347 865 1422 Μωυσέως
889 1338 1017 1411 ἐνώπιον
1040 1359 1093 1412 τοῦ
1116 1357 1199 1413 λαοῦ.

181 1446 232 1508 καί
254 1446 306 1508 τόν
329 1445 383 1526 μὲν
405 1446 478 1507 λαόν
500 1447 608 1527 ἕκτης
631 1445 721 1528 ὀργῆς
748 1449 854 1529 κυρίου
878 1447 1030 1529 διαφόρως
1053 1447 1199 1530 ἐπαγωνι-

183 1545 303 1623 ζόμενος
326 1542 476 1617 ἐξελέσθαι
498 1554 639 1605 τοσοῦτον
662 1544 739 1627 ὑπὲρ·
756 1545 854 1607 αὐτῶν
872 1544 999 1628 ἠλόνησε
1017 1555 1070 1626 τῆς
1089 1549 1200 1621 οἰκείας

182 1643 338 1723 σωτηρίας,
362 1639 402 1714 ύος
424 1641 474 1702 καί
497 1642 529 1704 ίυ
551 1652 587 1728 τῇ
610 1644 737 1724 θραύσει
760 1652 813 1704 τοῦ
837 1649 913 1705 θεοῦ
935 1644 1009 1704 κατά
1030 1644 1082 1706 τόν
1101 1646 1201 1708 Δαυλδ
1303 1709 1304 1714 ,

142 1762 169 1803 ισ
183 1748 289 1817 στῆναι
310 1738 360 1800 καί
381 1739 489 1818 φάναι·
513 1740 541 1800 εί
562 1737 616 1818 μὲν
634 1740 722 1818 άφεῖς
743 1741 844 1814 αὐτοῖς
861 1741 917 1820 τὴν
936 1741 1091 1824 ἁμαρτίαν,
1114 1742 1199 1824 ύφες,

182 1835 263 1898 εἰδὲ
286 1838 338 1918 μή,
361 1837 519 1916 ίξάλειψον
540 1836 615 1918 κάμε
638 1838 746 1917 ἕκτης
768 1839 874 1918 βίβλου
897 1832 935 1919 ἧς
957 1841 1098 1923 ἔγραψας.
1136 1837 1199 1903 εἷπε

182 1935 248 2018 γάρ,
270 1937 376 2016 φησίν,
399 1945 452 1997 τοῦ
474 1936 685 2018 ἐξολοθρεῦσαι
707 1935 825 2017 αύτούς,
850 1937 877 1998 εί
899 1938 940 2017 μη
960 1943 1098 2019 Μούσης
1117 1939 1133 2002 ὅ
1152 1939 1200 2002 ἐκ·

181 2032 281 2106 λεκτὸς
298 2033 392 2096 αὐτοῦ
410 2034 479 2113 ἔστη
497 2035 530 2096 ἐν
547 2043 583 2120 τῇ
600 2035 728 2116 θραύσει
747 2034 839 2096 αύτού
857 2046 911 2098 τοῦ
930 2037 971 2116 μη
990 2037 1201 2119 ίξολοθρεύσαι
1303 2109 1304 2130 ρ

182 2131 299 2204 αύτούς.
341 2132 406 2193 ὅσοι
428 2131 461 2194 δὲ
483 2131 733 2212 κατεξανέστησαν
756 2131 835 2217 αύτῷ
859 2135 892 2194 οί
912 2133 966 2213 μὲν
989 2134 1201 2216 κατεπόθησαν

141 2253 169 2294 ιο
182 2229 224 2303 είς
246 2239 304 2310 γῆν
332 2233 451 2311 ζῶντες,
478 2232 511 2292 οἱ
535 2229 568 2292 δὲ
595 2231 682 2292 θείου
710 2231 804 2312 πυρὸς
829 2230 965 2313 γεγόνασι
988 2235 1200 2314 παρανάλωμα.

183 2325 259 2406 φησὶ
280 2327 422 2410 γάρκαὶ
445 2327 579 2410 ἐγένοντο
603 2329 636 2390 οί
655 2329 832 2408 τεθνηκότες
856 2329 889 2390 ἐν
907 2339 942 2415 τῇ
964 2331 1090 2412 θραύσει
1107 2333 1200 2413 χιλιά-
1303 2355 1304 2404 ,

183 2426 232 2498 δες
254 2423 298 2486 ιδ’
320 2425 371 2486 καλ
394 2425 562 2488 ἑπτακόσιοι
584 2425 672 2508 χωρὶς
694 2436 753 2488 τῶν
779 2427 968 2506 τεθνηκότων
991 2427 1089 2490 ἕνεκεν
1111 2429 1201 2512 Κορὲ.
1303 2447 1304 2504 η

252 2521 297 2582 Ού
324 2521 384 2601 μὴν
411 2521 444 2585 δὲ
471 2522 544 2585 άλλά
571 2523 621 2585 καί
644 2526 753 2607 Μαρία
783 2519 802 2602 ἡ
831 2535 978 2606 προφῆτις
1006 2525 1057 2586 καὶ
1084 2525 1200 2606 ἀδελφὴ
1303 2515 1304 2564 ³

183 2617 276 2680 αύτού
304 2619 455 2698 λαλήσασα
481 2617 545 2682 κατ’
571 2622 665 2683 αύτού
695 2623 783 2700 δίκην
810 2621 927 2684 ἔδωκεν.
975 2622 1026 2684 καὶ
1049 2624 1201 2706 ἐλάλησεν,
1303 2641 1304 2678 1

142 2738 169 2780 ιε
184 2717 288 2796 φησίν,
312 2719 420 2799 Μαρία
443 2717 493 2780 καί
535 2713 649 2801 Ἀαρὼν
671 2719 745 2780 κατὰ
768 2718 926 2794 Μωυσέως
949 2719 1048 2783 ἕνεκεν
1070 2731 1123 2802 τῆς
1146 2747 1200 2804 γυ·
1303 2755 1304 2768 ¹

181 2814 285 2888 ναικὸς
302 2813 396 2877 αύτοῦ
414 2817 628 2898 Αίθιοπίσσης,
651 2817 696 2879 ότι
713 2822 841 2899 γυναῖκα
860 2818 1065 2882 Αίθιόπισσαυ
1083 2820 1199 2902 ἔλαβεν,
1303 2873 1304 2894 ,

254 2969 317 3023 311.
333 2969 392 3024 σοι.
405 2976 447 3039 ιε,
458 2977 482 3025 ε.
498 3003 531 3010 -
547 2976 633 3024 ι-ιι
649 2968 699 3024 Ex.
713 2975 847 3039 33‚ssqq.
863 3003 896 3010 -
913 2976 1017 3025 14-19
1032 2971 1200 3028 Psalm.105
1301 2957 1304 3050 «ᾗ

183 3043 316 3111 (κάλει.
335 3041 385 3095 Ex.
396 3047 439 3110 εν,
450 3047 492 3095 32.
508 3074 541 3082 -
557 3047 590 3095 21
605 3041 688 3095 Num.
706 3047 747 3109 ιο,
758 3047 800 3095 49.
816 3074 849 3082 -
865 3048 970 3112 24-10.
987 3049 1048 3112 ιω,
1064 3051 1095 3099 12
1114 3043 1198 3102 Num.
1303 3075 1304 3106 2

184 3118 226 3182 12,
241 3119 255 3167 1
266 3129 321 3182 sqq.

253 3217 270 3264 4
284 3209 369 3279 μόνος
378 3229 429 3266 ont.
438 3210 495 3265 CR.
505 3242 540 3250 -
555 3217 570 3264 6
580 3218 630 3264 τού
640 3207 856 3281 μαρτυρίου-8
867 3212 907 3276 είς
915 3211 966 3281 τὴν
974 3213 1080 3283 σκηνήν
1093 3231 1144 3268 om.
1150 3214 1200 3267 PR

181 3314 216 3321 —
232 3287 246 3334 7
262 3281 447 3348 εἱστήκει-8
460 3283 500 3343 είς
513 3282 564 3351 τὴν
578 3282 683 3350 σκηνήν
698 3299 748 3337 om.
761 3281 792 3336 G.
805 3315 838 3322 -
853 3289 870 3337 8
884 3287 981 3346 στῦλος
994 3291 1020 3339 et
1034 3290 1049 3339 9
1064 3285 1197 3340 στυλονΒ

182 3353 278 3414 στύλος
292 3360 317 3407 et
330 3354 429 3408 στύλον
442 3352 502 3406 rell.
513 3385 549 3393 —
565 3358 596 3406 16
612 3349 869 3423 ἀφείςΑΒῈθΗλλ
882 3355 958 3424 ἁφῆς
973 3353 1056 3410 ODV.
1068 3387 1101 3396 —
1117 3362 1150 3410 18
1167 3356 1197 3410 ἐν
1303 3373 1304 3392 ί

181 3430 215 3492 τῇ
229 3423 350 3490 θραύσει
364 3424 487 3479 ἐνώπιον
501 3425 588 3478 αύτού
603 3423 652 3492 (ἐν.
669 3433 718 3479 τοῦ
733 3429 805 3479 θεοῦ
816 3425 850 3494 G)
860 3425 909 3480 AG
915 3425 966 3479 RV
983 3425 1014 3480 ἐν
1028 3435 1061 3498 τῇ
1074 3427 1199 3495 θραύσει

183 3495 244 3562 (om.
260 3494 358 3562 αὐτοῦ)
377 3495 407 3547 F.
431 3525 466 3534 —
490 3500 524 3546 23
542 3495 683 3564 προφήτις
700 3496 752 3550 DF
776 3495 923 3565 προφήτης
940 3496 1035 3550 ΗΜΡ.

254 3604 270 3650 3
290 3597 484 3667 ἐνδειξάμενος
502 3597 531 3654 P.
551 3632 585 3640 —
605 3607 639 3655 25
658 3601 731 3656 κατά
749 3609 855 3671 μωύσῆι
872 3602 953 3656 PEx.
