2617 3909
516 229 704 281 ΧΡουικου
1052 229 1115 293 175

104 378 279 450 καθίζοντες
310 374 360 437 καλ
391 374 461 450 τούς
487 375 609 457 φεύγειν
635 375 836 464 πειρωμένους
861 378 1041 459 θηρεύοντες
1068 377 1118 439 καί

105 475 177 549 τοῦς
199 472 253 554 μὲν
275 474 374 536 αότῶν
397 473 602 556 άναιροῦντες,
625 475 695 549 τούς
718 474 750 538 δὲ
772 481 833 550 τοῖς
855 475 1001 557 ἐχθίστοις
1022 497 1117 558 παρα-

106 572 247 646 διδόντες.
292 572 364 653 όπερ
396 571 435 651 δή
467 571 517 632 καλ
548 571 637 646 αὐτὸς
669 565 755 648 ούτος
787 572 802 635 ό
832 571 988 647 θεσπέσιος
1018 571 1117 635 Λανλδ

105 676 290 752 προθεωρῶν
312 669 443 751 ἐναργῶς
459 667 623 750 ύπέφηνεν.
659 671 750 732 εἰπὼν
770 670 825 753 γάρ
843 680 1034 752 προφητικῶς
1052 670 1118 752 περὶ

106 777 160 848 τῆς
182 769 379 848 αἰχμαλωσίας
401 767 434 829 ἐκ
455 768 615 848 προσώπου
639 778 694 830 τοῦ
716 774 801 831 λαοῦ·
826 768 874 831 ἐπί
896 779 955 830 τῶν
977 778 1117 848 ποταμῶν
1144 789 1157 830 σ

105 867 287 946 Βαβυλῶνος
308 864 372 926 ἐκεῖ
388 864 567 944 ἐκαθίσαμευ
592 865 643 927 καί
663 866 844 946 ἐκλαύσαμεν
866 867 899 929 ἐν
921 873 960 952 τῷ
979 873 1118 947 μνησθή-

105 988 158 1025 ναι
184 960 263 1042 ήμῦς
289 962 344 1041 τήν
366 963 463 1043 Σιοόν,
491 963 598 1041 φάσκει
623 963 674 1025 καί
700 963 767 1045 περὶ
793 973 845 1045 τῆς
871 962 1119 1045 καταληψομένας

106 1061 177 1135 τούς
207 1060 429 1140 πολεμήσαντας
455 1060 507 1122 τόν
534 1061 606 1124 λαὸν
634 1073 802 1143 συμφοράς·
826 1063 992 1143 μνήσθητι,
1024 1063 1116 1143 κύριε,

106 1169 167 1220 τῶν
198 1160 273 1220 υίῶν
297 1154 396 1238 Ἐδόομ
426 1158 482 1238 τήν
512 1156 625 1240 ήμέραν
649 1155 840 1241 Ἰερουσαλήμ
870 1169 929 1220 τῶν
961 1158 1116 1240 λεγόντων·

106 1256 268 1337 ἐκκενοῦτε,
290 1256 440 1318 ἐκκενοῦτε
462 1255 517 1331 ἕως
538 1266 598 1318 τῶν
615 1260 762 1336 θεμελίων
783 1257 883 1337 αύτής.
915 1256 982 1338 περλ
1003 1249 1047 1318 ὧν
1068 1256 1118 1318 καὶ
1132 1277 1158 1317 10

102 1348 227 1427 Ἠσαίας
253 1354 356 1416 εἰπάν·
385 1354 486 1435 ὅρασις
512 1352 552 1433 ἣν
579 1349 657 1416 εἶδεν
678 1349 802 1429 Ἡσαΐας
832 1356 910 1429 υίὸς
923 1349 1018 1434 Ἀμδος
1044 1353 1117 1414 κατά

105 1453 300 1532 Βαβυλῶνος,
331 1451 432 1533 ἐπάγει
460 1450 496 1514 τὰ
525 1451 635 1514 ἐλεεινὰ
665 1452 752 1532 πάθη
784 1462 843 1515 τῶν
873 1453 1117 1533 ἐξανδραποδιζο-
1132 1463 1215 1504 12412·

107 1548 217 1628 μένων·
240 1548 290 1611 καλ
308 1549 414 1623 οἵτινες
431 1548 612 1630 συνηγμένοι
629 1551 713 1631 είσίν,
736 1553 863 1635 μαχαίρᾳ
880 1559 1049 1629 πεσοῦνται,
1067 1547 1117 1610 καὶ

106 1645 251 1708 τὰτέκνα
278 1646 377 1708 αύτῶν
401 1647 541 1729 ῥάξουσιν
563 1648 692 1710 ἐνώπιον
713 1649 820 1711 αὐτῶν.
865 1650 941 1722 τίνες
968 1646 1000 1710 δὲ
1026 1656 1117 1708 ταῦτα

106 1745 250 1828 δράσουσι
271 1745 361 1806 πάλιν
383 1743 399 1808 ό
418 1743 506 1818 αὐτὸς
529 1744 615 1828 λέγει·
639 1746 706 1809 ίδού
728 1746 785 1828 ἐγὼ
803 1746 940 1828 ἐπεγείρω
958 1744 1030 1824 ύμῖν
1048 1744 1117 1819 τούς
1131 1767 1157 1809 ισ

107 1843 254 1923 Μήδους,
281 1841 331 1904 καὶ
357 1842 393 1903 τά
418 1840 505 1904 τέκνα
531 1842 616 1923 ύμῶν
643 1845 681 1907 ού
709 1843 750 1925 μή
777 1844 948 1924 ἐλεήσωσιν,
976 1840 1046 1904 οὐδὲ
1068 1840 1117 1904 ἐπί

106 1947 168 2015 τοῖς
194 1938 307 2014 τέκνοις
333 1958 388 2002 σου
416 1942 567 2020 φείσονται
594 1943 626 2003 οί
649 1941 803 2021 ὀφθαλμοί
831 1941 943 2022 αὐτῶν,
966 1939 1016 2001 καί
1038 1939 1117 2000 ἐσται

107 2036 252 2119 Βαβυλὼν
275 2035 295 2117 ή
317 2038 392 2117 καλή
417 2061 448 2100 τε
474 2038 525 2100 καί
551 2039 672 2114 ἔνδοξος
697 2038 756 2102 ἀπὸ
784 2036 925 2120 βασιλέως
946 2037 1115 2117 Χαλδαίων,

106 2133 143 2199 ὃν
166 2136 275 2217 τρόπον
301 2133 494 2217 κατέστρεφεν
517 2134 533 2198 ὁ
555 2136 628 2211 θεὸς
650 2138 774 2217 Σόδομα
801 2135 850 2198 καὶ
872 2136 1020 2217 Γόμορρα,
1043 2132 1119 2214 λε’γει

106 2234 218 2314 κύριος.
264 2230 402 2307 ὡσαύτως
425 2233 457 2296 δέ
479 2233 529 2295 καὶ
546 2229 685 2315 Ἱερεμίας
707 2233 773 2316 περὶ
795 2242 848 2313 τῆς
870 2232 1042 2313 ἐρημώσεως
1064 2240 1117 2310 τῆς
1130 2257 1157 2296 ιο

107 2331 287 2410 Βαβυλῶνος
313 2330 374 2410 ἐφη
401 2336 628 2412 σχετλιαστικῶς·
652 2342 715 2406 πῶς
743 2330 931 2409 συνεκλύσθη
958 2328 1008 2392 καί
1030 2347 1115 2390 συνε-

106 2429 192 2508 τρίβη
214 2427 360 2508 Βαβυλὼν
382 2426 402 2508 ή
426 2437 526 2510 σφῦρα
548 2430 646 2510 πάσης
668 2440 720 2510 τῆς
742 2440 805 2511 γῆς.
850 2427 944 2508 ήμέν
965 2420 1022 2491 οὖν
1043 2449 1117 2508 προ-

106 2527 215 2605 φητεία
241 2527 317 2604 αύτη
344 2525 381 2607 ού
407 2527 465 2608 πρὸ
491 2531 608 2588 πολλῶν
633 2537 744 2608 γενεῶν
770 2527 830 2590 ἔστι
856 2536 909 2607 τῆς
930 2535 982 2588 τοῦ
1002 2519 1117 2606 Ἰσραήλ

107 2623 314 2704 αἰχμαλωσίας,
337 2624 426 2686 πάλιν
448 2623 481 2686 δὲ
504 2623 574 2704 μετά
591 2630 710 2698 πολλοῖς
728 2624 849 2706 ύστερον
868 2624 941 2686 ἔτεσι
959 2625 1117 2702 φαίνονται

179 2792 195 2840 ε
213 2785 314 2840 Psalm.
331 2789 561 2856 136(137)‚1;⁷.
577 2819 610 2827 -
631 2792 663 2841 11
683 2786 737 2842 τοι.
754 2793 796 2856 13,
812 2793 957 2856 1315316.
973 2819 1007 2828 -
1027 2792 1060 2841 15
1079 2788 1115 2842 ιο.

105 2874 130 2912 ο.
148 2862 245 2926 1'13qq.
265 2889 298 2898 —
317 2864 349 2911 21
369 2857 469 2914 Jerem.
487 2863 521 2912 50
535 2860 599 2928 (21),
614 2864 656 2912 23.

181 2987 195 3034 1
219 2981 393 3050 καθήκοντες
414 2981 472 3036 AG.
497 3013 530 3022 —
554 2988 570 3036 2
592 2985 816 3052 παραδιδοῦντες
838 2983 873 3037 N.
896 3015 931 3024 -
954 2989 971 3036 4
994 2983 1117 3052 ἐναργῶς

106 3051 192 3121 ύπέφ.
205 3056 292 3122 προθ,
307 3053 365 3108 AG.
379 3086 415 3094 —
435 3058 449 3107 7
463 3060 513 3123 τῆς
530 3055 597 3108 σιῶν
611 3053 726 3109 OGNV.
742 3087 776 3095 -
795 3061 811 3110 8
830 3056 895 3117 τοῦς
908 3051 1116 3122 πολεμήσαντας

105 3141 157 3180 om.
175 3123 226 3177 AG
244 3157 278 3165 -
298 3129 332 3178 10
349 3125 494 3180 ἐκκενοῦτε
511 3126 627 3180 alterum
644 3142 695 3182 om.
715 3125 772 3180 OG.
792 3158 826 3167 -
850 3126 1011 3181 ἐκκενοῦται
1029 3123 1115 3214 ήέγκε-

106 3203 206 3250 νοῦται
214 3194 251 3265 Η)
261 3194 400 3251 AFGNP.
410 3227 445 3236 —
456 3202 489 3250 12
499 3196 780 3268 άνδραποδιζομένων
789 3196 847 3251 AG.
856 3228 889 3237 -
901 3201 933 3250 15
949 3196 1078 3264 ἐπεγειρω
1088 3191 1116 3246 Ν

106 3267 238 3335 ἐπεγειρῶ
252 3265 274 3320 Ρ
289 3264 384 3336 ἐγείρω
397 3266 528 3322 BOFGR
542 3267 626 3391 ἐχερῶ
635 3268 693 3322 AV.
705 3301 738 3308 —
755 3275 786 3322 16
802 3267 959 3336 ἐλεήοουσιν
968 3263 1114 3320 ABGHR.

106 3369 141 3378 -
162 3343 195 3390 1⁷
216 3353 267 3392 σου
286 3339 320 3392 οό
338 3338 375 3409 μή
394 3335 539 3409 φείσονται
581 3338 613 3392 V.
634 3371 668 3379 -
691 3345 724 3394 18
742 3339 760 3408 ἡ
779 3343 902 3394 καλεῖται
921 3338 979 3407 (καί
997 3337 1061 3392 add.
1081 3333 1115 3405 G)

107 3408 222 3473 ἔνδοξος
238 3408 355 3465 BGJes.
374 3441 409 3450 —
428 3416 462 3464 22
481 3411 575 3479 σφῦρα
595 3410 675 3464 codd.
690 3416 800 3480 praeter
812 3409 845 3463 V.

112 3603 119 3624 ‹
172 3539 212 3659 ἐξ
237 3533 421 3658 ἐξανδραποδ.
452 3532 539 3604 λόγων
561 3535 591 3588 P.
616 3566 649 3576 -
678 3540 712 3590 23
735 3533 821 3605 ταύτη
842 3533 871 3588 Ρ.
895 3566 929 3574 -
954 3538 987 3588 24
1010 3529 1115 3602 φαίνου

106 3623 178 3673 ομη
198 3624 225 3659 οι
267 3648 273 3658 .
