2617 3909
525 255 715 307 κεοαῑκου
1064 255 1129 322 289

116 420 182 482 σας,
203 397 267 462 ἀλλ’
288 402 407 475 οἰκείοις
429 402 561 482 αἴμασιν,
584 400 634 462 καί
656 402 784 481 ποιήσας
803 402 858 482 τήν
876 403 1013 484 τελειπήν
1034 411 1131 467 τελευ-

116 505 200 562 ταῖον
233 499 405 582 μυστήριον.Ι
449 500 525 561 οὕτω
557 498 608 561 καλ
639 500 673 562 οί
699 499 763 563 νέοι
793 503 897 576 παῖδες
925 503 980 584 οὐχ
1006 500 1131 582 ήδοναῖς

116 597 342 678 δουλεύσαντες,
368 596 443 659 ἀλλὰ
468 607 528 658 τῶν
554 603 665 659 παθῶν
689 598 896 681 κυριεύσαντες
918 599 968 661 καὶ
990 600 1023 662 τὸ
1045 611 1130 681 σῶμα

97 697 352 777 ’καθαγνίσαντες
378 695 453 776 πρὸς
475 695 532 775 τήν
557 693 665 776 ἀπαθῆ
695 696 774 776 ζωήν
805 695 990 778 μετέστησαν.
1035 699 1130 774 οότως

113 792 269 872 ἀπήλαυσε
291 803 344 873 τῆς
365 795 559 866 πολυτεκνίας
579 790 600 872 ή
624 794 735 876 μήτηρ,
761 795 840 856 οὕτω
861 794 913 857 καλ
935 798 1023 870 ζῶσιν
1045 796 1130 858 ἕκαλ-
1157 818 1170 858 ι

115 893 263 953 λωπίσατο
289 891 339 953 καί
366 890 532 953 ἀπελθοῦσι
559 892 803 955 συνανεπαόσατο
835 892 886 954 καλ
912 892 966 969 οὓς
992 893 1130 976 ἐγέννησε

115 988 216 1075 κόσμῳ
244 995 305 1074 θεῷ
330 989 549 1070 παραστήσασα.
593 987 718 1071 ἠγάσθη
746 988 778 1054 δέ
804 989 854 1051 καλ
878 985 1026 1072 Ἀντίοχος
1053 993 1130 1054 οδτω

116 1085 288 1168 μεταβαλὼν
316 1089 359 1162 είς
385 1094 492 1167 θαῦμα
518 1088 575 1168 τήν
600 1085 733 1166 ἀπειλήν.
779 1088 859 1150 ἴσασι
885 1088 941 1172 γὰρ
964 1091 1130 1169 θαυμάζειν

115 1183 226 1266 ἀνδρὸς
248 1183 356 1268 ἀρετήν
377 1184 428 1247 καὶ
450 1183 595 1265 πολέμιοι,
618 1185 690 1247 ὅταν
711 1195 765 1247 τοῦ
787 1192 891 1266 θυμοῦ
912 1187 1056 1266 λήξαντος
1077 1184 1127 1266 ἐφ’

115 1281 223 1361 ἑαυτῆς
244 1280 265 1362 ή
288 1285 393 1364 πρᾶξις
418 1283 625 1364 δοκιμάζηται,
652 1283 723 1345 ὥστε
751 1284 801 1345 καλ
823 1283 960 1365 ἀπῆλθεν
982 1283 1170 1367 άπρακτοςτο

114 1379 167 1440 καί
190 1379 446 1462 άπληροφόρητος.

178 1472 245 1557 ‘w’
271 1471 315 1540 ὧν
341 1481 444 1541 τοίνυν
472 1477 488 1542 δ
515 1478 662 1560 τύραννος
687 1478 915 1560 καταισχυνθεὶς
942 1479 993 1541 καί
1020 1486 1130 1560 μᾶλλον

113 1576 252 1656 ἐκμανεὶς
282 1576 333 1638 καλ
359 1576 395 1638 τά
422 1577 485 1657 ίερά
517 1577 608 1656 σκεύη
639 1577 736 1638 πάντα
762 1575 863 1658 λαβὼν
888 1577 998 1659 χρυσόν
1024 1601 1055 1640 τε
1080 1578 1131 1640 καλ

115 1673 246 1755 άργυρον
269 1673 391 1757 ἀπειρον
413 1674 463 1736 καί
489 1685 589 1736 πᾶσαν
615 1675 671 1755 τήν
692 1676 780 1738 πόλιν
802 1676 1058 1758 λαφυραγωγήσας
1079 1676 1131 1739 καί

114 1771 152 1833 τὰ
174 1773 268 1852 κτήνη
291 1773 492 1856 κρεουργήσας
514 1771 564 1834 καί
585 1772 699 1852 πολλήν
716 1774 918 1851 φονοκτονίαν
935 1775 1063 1854 ποιήσας
1080 1774 1130 1836 καλ
1143 1797 1169 1837 15

116 1869 397 1952 μεγαλορημονήσας
427 1869 611 1952 ἀνεχώρησεν
642 1871 686 1944 είς
709 1867 886 1952 Ἀντιόχειαν
918 1870 991 1954 μέγα
1017 1871 1131 1947 πένθος

114 1969 295 2046 καταλείψας
330 1975 393 2043 τοῖς
429 1971 507 2043 υίοῐς
536 1965 660 2050 Ἰσραήλ.
703 1968 754 2029 καί
787 1967 857 2048 μετὰ
887 1969 943 2030 δόο
975 1970 1025 2049 ἔτη
1055 1969 1130 2031 κατὰ

116 2070 241 2150 Περσῶν
265 2067 491 2147 έπιστρατεόσας
517 2065 685 2128 ἀπέστειλεν
705 2065 832 2148 άρχοντα
854 2070 1057 2148 φορολογήσαι
1078 2067 1130 2142 τὰς

115 2166 215 2238 πόλεις
232 2161 430 2246 Ἰερουσαλήμ.
476 2161 510 2238 ὃς
536 2163 774 2246 παραγενόμενος
803 2162 875 2244 μετὰ
901 2169 1011 2242 πολλῆς
1037 2164 1130 2226 δυνά-

117 2286 193 2342 μεως
219 2262 271 2323 καλ
297 2264 425 2341 λαλήσας
446 2262 616 2343 εἰρηνικοὺς
635 2262 745 2343 λόγους
772 2259 843 2341 μετά
866 2260 956 2323 δόλου
978 2261 1053 2344 πρὸς
1074 2263 1169 2341 τήνιο

116 2361 203 2423 πόλιν
229 2355 420 2442 Ἰερουσαλήμ
455 2359 506 2422 καί
541 2358 685 2422 εἰσελθὼν
720 2358 865 2433 ἐπάταξεν
899 2358 995 2438 αὐτήν
1030 2365 1128 2445 πληγῇ

116 2459 241 2543 μεγάλη,
269 2458 318 2520 καί
340 2456 478 2520 καθελὼν
502 2457 538 2519 τὰ
559 2459 639 2539 τείχη
665 2466 764 2518 πᾶσαν
791 2455 886 2535 αὐτὴν
912 2455 1053 2538 ἐνέπρησε
1068 2457 1130 2519 ’καλ
1143 2482 1182 2522 κιο
1196 2481 1229 2521 Μ.

115 2553 320 2638 κατέστρεψεν.
364 2555 414 2618 καὶ
436 2556 469 2619 τδ
498 2554 552 2635 μὲν
578 2555 660 2639 ίερὸν
685 2553 824 2629 ἀσωτίαις
850 2552 900 2616 καί
928 2561 1046 2637 μιαραῑς
1068 2562 1128 2618 θυ-

115 2654 194 2728 σίαις
216 2653 394 2735 ἐπλήρωσεν,
416 2653 486 2728 τοὺς
510 2651 542 2714 δὲ
565 2653 605 2734 μή
628 2651 884 2735 προαιρουμένους
901 2663 961 2714 τῶν
975 2647 1128 2716 Ἰουδαίων

115 2753 302 2836 μεταβαίνειν
324 2753 366 2824 είς
388 2749 424 2812 τδι
438 2745 596 2830 Ἑλληνικὰ
613 2750 664 2812 καλ
682 2761 741 2812 τῶν
759 2749 909 2830 ἀθεμίτων
927 2749 1128 2834 ἀπογεύεσθαι
1141 2775 1167 2816 ιι

114 2847 247 2927 ἀφειδῶς
268 2847 445 2911 κατέκτενεν.
490 2848 618 2923 πολλοὺς
644 2841 701 2911 οὖν
727 2847 838 2932 ἀνδρας
860 2872 889 2910 τε
911 2848 962 2911 καλ
983 2856 1129 2932 γυναῖκας

116 2946 167 3008 καί
189 2949 294 3008 παιδία
317 2946 387 3026 μετὰ
409 2952 525 3008 πολλῶν
548 2946 598 3009 καί
620 2953 754 3028 χαλεπῶν
776 2947 925 3008 κολάσεων
946 2945 1059 3009 ἀνελὼν
1077 2946 1127 3009 καλ

189 3133 275 3196 7-10
295 3126 375 3198 Greg.
390 3129 425 3182 ib.
440 3144 480 3196 ep.
497 3132 537 3181 11.
558 3159 592 3168 —
612 3133 644 3181 12
654 3144 710 3196 της.
728 3127 764 3194 τί.
778 3126 798 3181 1.
813 3127 901 3181 Mace.
918 3134 942 3196 1,
956 3133 989 3180 21
1000 3145 1055 3197 τηρ.

190 3284 223 3332 10
241 3280 304 3333 δοκι
305 3275 618 3370 μάζεταιΑΒΟΡΒ.»
638 3285 671 3332 13
689 3275 784 3334 πάντα
802 3278 885 3347 σκεόη
900 3277 1006 3337 CF.-
1026 3285 1059 3333 14
1078 3280 1126 3333 καλ

112 3348 151 3404 τὰ
173 3349 259 3419 κτήνη
282 3348 470 3440 κρεουργήσας
492 3366 543 3406 om
561 3350 615 3404 LM
641 3355 702 3418 μοεί
723 3299 885 3418 ποιήσαςνη
865 3367 889 3404 υ.
907 3355 941 3403 15
962 3350 1015 3405 ins.
1034 3350 1067 3404 R
1090 3382 1126 3391 —

118 3427 151 3475 15
169 3421 219 3474 καλ
237 3420 499 3491 μεγαλορημουήσας
516 3439 566 3477 om.
581 3419 722 3474 AOL-
746 3427 778 3474 16
797 3440 830 3490 με
848 3420 1124 3490 αλορρημονήσαςλί.

116 3524 150 3532 -
172 3497 206 3545 22
227 3490 310 3561 ἐνίπρ
312 3510 353 3547 ισε
371 3491 565 3547 AOFHM.-
585 3498 619 3545 26
637 3512 690 3547 κατ
691 3491 817 3548 ίκταινεν
831 3441 969 3547 λ’γέ
901 3512 954 3546 κατ
955 3490 1084 3548 έκταινον
1102 3493 1125 3547 Β

94 3512 310 3687 -κατέιὲτεννενρ
320 3564 341 3616 L
364 3561 624 3619 ἀπέκτενενΑμ-
648 3567 683 3616 27
701 3565 807 3626 παῖδας
824 3564 850 3616 Α
876 3565 948 3618 παιδ
969 3565 1126 3634 compendio

113 3651 165 3689 scr.

172 3731 316 3783 Georgius
330 3733 489 3774 Monachus
504 3733 538 3773 ed.
552 3733 581 3773 de
594 3733 662 3772 Boot.
685 3733 704 3772 L
932 3729 965 3778 19
