2617 3909
535 215 724 267 Χεοωῑκοα
826 211 830 216 ’
1071 215 1137 279 279

124 362 224 423 λίθου.
270 359 359 440 μέσον
387 358 418 423 δέ
438 371 498 441 Ιτης
525 360 637 435 πόλεως
665 358 707 423 ὢν
731 362 746 425 δ
769 362 842 437 ναὸς
869 363 984 426 δώδεκα
1006 366 1137 445 βαθμοῖς

123 457 273 539 άναβατὸς
294 458 436 541 ὑπῆρχεν,
458 459 508 520 καλ
530 459 563 522 τὸ
587 457 641 539 μὲν
663 459 737 521 κατὰ
758 461 919 542 πρόσωπον
941 461 1035 524 αύτοῦ
1056 463 1138 540 ύψος

122 549 164 636 ἧν
186 566 290 637 πηχῶν
312 554 353 638 ρ’,
376 557 408 619 τὸ
428 555 460 618 δὲ
482 556 607 620 κατόπιν
630 555 673 638 μ’.
712 559 899 641 κατάρροπον
921 559 976 642 γὰρ
999 560 1137 641 ἐτύγχανε

123 655 156 717 τὸ
174 656 212 716 ἓν
239 653 326 736 μέρος
353 663 405 735 τῆς
432 655 557 736 πόλεως,
585 655 617 717 τὸ
646 655 678 718 δὲ
705 655 803 737 ἕτερον
829 655 986 737 ύπύλοφον
1007 658 1083 719 κατὰ
1103 659 1136 721 τὸ

123 751 201 834 ὄρος.
247 749 267 832 ἡ
291 749 323 814 δὲ
346 753 447 835 πρώτη
475 754 554 833 πύλη
583 762 636 815 τοῦ
660 763 737 817 ναοῦ
759 755 792 818 τδ
816 753 870 835 μέν
891 756 973 833 ύψος
995 751 1051 837 εἶχε
1078 755 1136 834 πή·
1164 776 1176 817 ε

121 873 183 931 χεις
205 847 246 930 o',
264 850 296 912 τὸ
321 849 353 913 δὲ
375 844 461 932 εύρος
483 849 544 932 κς’,
567 854 723 937 Κορινθίῳ
744 858 842 938 χαλκῷ
858 853 1074 934 κεκαλυμμένη,
1097 852 1138 928 ὡς

122 947 282 1030 ὑπεράγειν
315 958 350 1034 τῇ
383 954 510 1034 καλλονῇ
542 948 595 1024 τὰς
631 951 809 1031 διαχρύσους
840 950 890 1013 καί
921 953 1137 1034 περιαργύρους

122 1046 226 1120 πύλας.
263 1047 390 1108 ἔνδοθεν
413 1047 467 1128 γὰρ
491 1041 547 1128 είχε
569 1046 665 1122 πύλας
687 1047 746 1109 άνδι
767 1059 871 1129 πηχῶν
894 1046 927 1127 μ’
949 1050 982 1112 τδ
1001 1049 1136 1131 μέγεθος,

122 1143 173 1206 ἐπὶ
196 1145 289 1225 πάχος
311 1145 387 1206 πολὺ
410 1154 463 1207 τοῦ
486 1155 596 1226 χρυσοῦ
616 1145 738 1209 καὶτοῦ
756 1145 888 1229 ἀργύρου
906 1146 1137 1228 κεκοσμημένας,
1151 1161 1190 1200 202
1204 1160 1235 1198 M

123 1241 197 1303 ὥστε
221 1243 492 1324 καταστράπτεσθαι
515 1242 551 1303 τὰ
572 1244 680 1324 πάντα,
704 1243 754 1305 καλ
776 1246 816 1329 τῷ
836 1242 943 1327 δρῶντι
964 1246 1137 1324 νομίζεσθαι
1151 1266 1177 1306 ιο

122 1346 329 1421 κεχρυσῶσθαι
357 1340 391 1401 τὰ
418 1341 523 1402 πάντα.
570 1340 586 1403 δ
614 1334 672 1403 ούν
701 1350 817 1424 πρῶτος
845 1336 928 1415 οίκος
954 1336 1029 1423 εἶχεν
1055 1341 1137 1416 ἐντὸς

121 1437 239 1523 ὑπερῷα
261 1438 294 1500 τὸ
318 1437 372 1518 μὲν
394 1439 476 1517 ύψος
499 1439 602 1521 έχοντα
623 1440 726 1521 πήχεις
749 1437 789 1522 9’,
812 1441 847 1503 τὸ
868 1438 901 1502 δέ
924 1449 1018 1520 μῆκος
1039 1437 1079 1500 ν’.
1116 1437 1135 1519 ἡ

123 1534 156 1598 δέ
175 1538 254 1616 πύλη
277 1546 329 1598 τοῦ
352 1537 437 1598 οἴκου
459 1535 666 1619 κεχρυσωμένη
688 1530 764 1600 ούσα
785 1537 836 1599 καί
857 1548 967 1620 χρυσᾶς
989 1535 1063 1620 ὑπὲρ
1082 1536 1136 1599 αύ-

121 1634 177 1714 τὴν
209 1633 359 1714 ἀμπέλους
390 1633 511 1716 ἔχουσα,
542 1634 755 1717 κατεκρέμαντο
782 1636 905 1718 βότρυες
931 1630 1135 1718 ἀνδρομήκεις.

121 1731 194 1812 μετὰ
217 1730 250 1794 δὲ
272 1732 304 1794 τὸ
328 1733 472 1795 εἰσελθεῖν
494 1733 527 1795 τὸ
550 1731 690 1796 ἐπίπεδον
712 1742 766 1795 τοῦ
789 1743 864 1795 ναοῦ
887 1732 974 1807 άλλος
996 1725 1036 1814 ἦν
1054 1728 1136 1807 οἶκος
1149 1753 1176 1795 ισ

120 1839 174 1891 τοῦ
206 1830 379 1910 ἐνδοτάτου,
411 1824 502 1912 οὗπερ
532 1831 564 1894 τδ
593 1829 646 1910 μέν
673 1832 755 1910 ῦψος
781 1822 821 1911 ύμ
850 1841 954 1913 πηχῶν
981 1829 1020 1912 ξ’,
1043 1831 1076 1893 τὸ
1104 1828 1136 1893 δὲ

119 1928 230 2002 πλάτος
247 1925 289 2008 κ’,
308 1928 341 1990 έν
359 1916 383 2013 ᾧ
398 1930 501 2010 λυχνία
519 1927 569 1990 καλ
587 1929 712 2011 τράπεζα
729 1927 779 1990 καί
797 1930 1004 2011 θυμιατήριον·
1014 1929 1135 2009 ἔκειντο,

119 2027 153 2089 τδ
178 2024 209 2087 δὲ
232 2025 389 2088 ἕνδότατον
413 2026 500 2108 μέρος
521 2029 608 2089 τοῦδε
630 2036 684 2088 τοῦ
707 2027 793 2088 οίκου
811 2035 915 2106 πηχῶν
933 2024 987 2105 μὲν
1004 2025 1136 2107 ὑπῆρχεν

119 2121 163 2204 κ’,
186 2124 325 2205 διείργετο
349 2122 382 2186 δέ
404 2125 637 2204 καταπετάσματι
658 2123 733 2206 πρὸς
755 2123 787 2186 τὸ
806 2124 929 2204 ἔξωθεν,
952 2123 984 2185 ἐν
1002 2111 1026 2207 ᾧ
1045 2121 1135 2185 οὐδέν

119 2223 222 2302 ἔκειτο,
246 2216 307 2283 ἀλλ’
334 2214 373 2300 ἧν
396 2220 508 2303 άβατόν
535 2245 565 2283 τε
587 2220 637 2282 καλ
660 2219 819 2303 άχραντον,
843 2221 917 2282 ὅθεν
939 2219 1026 2302 ἁγίου
1049 2221 1135 2302 ἅγιον
1149 2242 1175 2282 ιο

120 2318 239 2400 ἐλέγετο.
285 2321 317 2383 τδ
341 2318 373 2382 δὲ
396 2318 458 2382 άνω
481 2318 531 2381 καί
553 2319 667 2393 ἔξωθεν
689 2328 743 2381 τοῦ
765 2318 912 2402 άχράντου
934 2328 1011 2380 ναοῦ
1029 2316 1136 2380 τούτου

121 2418 261 2498 μεγίστην
284 2424 401 2500 παρεῖχε
424 2425 486 2491 τοῖς
509 2416 618 2499 δρῶσιν
640 2417 788 2497 ἔκπληξιν.
827 2415 914 2491 πλαξλ
936 2415 992 2498 γὰρ
1015 2423 1136 2498 χρυσαῖς

120 2516 349 2597 στιβαρωτάταις
380 2513 651 2594 κεκαλλωπισμένος
682 2514 741 2577 ὑπὸ
769 2514 821 2588 τὰς
847 2515 964 2596 πρώτας
991 2512 1136 2588 ἀνατολὰς

119 2623 173 2676 τοῦ
201 2610 288 2692 ἡλίου
316 2613 542 2695 πυρωδεστάτην
573 2612 671 2695 αὐγὴν
697 2610 867 2692 ἀντέπεμπεν
893 2610 943 2673 καί
970 2611 1022 2685 τὰς
1049 2609 1136 2690 ύψεις

118 2719 180 2772 τῶν
216 2709 354 2791 δρώντων
393 2709 573 2793 ἀπέστρεφεν
611 2710 708 2792 ὥσπερ
739 2733 783 2784 τις
819 2707 927 2789 ἡλιακη
958 2708 1043 2791 αύγη,
1073 2715 1134 2783 τοῖς
1148 2729 1174 2771 ιι

120 2807 291 2889 ὀφθαλμοῖς
323 2810 556 2890 προσπίπτουσα.
601 2809 648 2871 διὸ
680 2814 742 2882 τοῖς
773 2805 1007 2886 ἀφικνουμένοις
1041 2805 1135 2880 ξένοις

118 2907 278 2988 πόρρωθεν
301 2905 318 2968 δ
340 2905 413 2979 ναὸς
435 2903 583 2987 ὁρώμενος
606 2907 710 2986 ὅμοιος
731 2905 808 2987 χιόνι
830 2900 877 2967 ἐπ’
901 2903 990 2988 ὄρους
1012 2903 1134 2983 ὑψηλοῦ

192 3084 206 3131 1
219 3078 353 3204 χλαθμούς
366 3076 447 3133 CER.
459 3109 492 3118 —
508 3083 523 3131 3
543 3078 687 3150 ἐτύγχανε]
701 3079 808 3148 ὑπῆρχε
821 3076 856 3130 N.
867 3108 901 3118 -
917 3081 950 3130 10
964 3074 999 3129 τὰ
1013 3093 1063 3131 om.
1073 3074 1132 3129 BL.

120 3154 203 3202 -17
233 3170 250 3203 ν
265 3154 365 3223 χει-19
380 3149 504 3219 ὑπῆρχεν
518 3147 545 3202 κ’
557 3166 607 3204 om.
618 3149 653 3203 N.
668 3181 702 3190 -
718 3154 750 3203 1⁷
762 3149 850 3204 ἔκειτο
860 3147 890 3200 Β.
903 3179 934 3191 -
949 3152 982 3201 18
996 3146 1028 3200 τδ
1043 3147 1074 3202 δὲ
1089 3145 1133 3202 έν-

119 3218 240 3277 δότατον
249 3253 284 3261 -
293 3221 418 3345 ὑπῆρχεν
436 3219 465 3275 κ’
480 3237 531 3275 om.
545 3220 599 3274 BR
613 3223 676 3278 item
690 3219 760 3274 OFL
774 3220 822 3274 οιδ
834 3221 867 3272 ιἰι
876 3217 976 3273 CDFL
989 3235 1014 3272 v.
1025 3222 1059 3270 20
1071 3224 1134 3286 μοοί

120 3291 208 3347 ἔκειτο
222 3293 345 3361 sequitur
357 3311 373 3345 τ
404 3291 435 3345 δὲ
450 3289 744 3358 ἐνδύτατον-ἔκειτο,
763 3293 804 3346 ita
817 3297 850 3345 ιιλ
863 3286 1132 3358 διείργετο-ἔκειτο

118 3363 162 3419 δύο
174 3365 207 3417 ιἰι
219 3363 262 3418 his
275 3363 351 3418 codd.
370 3365 501 3432 scriptum
515 3364 558 3418 sit.
575 3396 607 3403 —
623 3368 657 3416 27
673 3359 775 3433 ὁμοίως
788 3360 843 3416 ch.
858 3393 894 3402 -
907 3358 982 3430 χίονι
995 3359 1043 3413 ΑΒ
1049 3359 1132 3414 ῙιἾιΜ.

192 3527 206 3576 1
223 3521 238 3576 δ
253 3522 322 3584 ναὸς
330 3539 380 3577 om.
391 3522 422 3576 P.
433 3553 466 3564 -
478 3527 494 3575 ὅ
504 3521 604 3593 πήχοις
612 3522 642 3576 P.
651 3553 686 3562 -
701 3528 717 3576 9
727 3518 865 3593 έπίπαχος
873 3520 903 3574 Ρ.
914 3551 948 3567 «-
964 3525 1045 3574 11.12
1056 3519 1135 3581 ἐντὸς

117 3595 232 3667 ὑπερῷα
247 3589 320 3664 εἶχεν
334 3593 364 3647 Ρ.
375 3625 411 3634 -
425 3599 459 3648 20
475 3591 544 3648 ὅθεν
557 3594 606 3647 καλ
620 3593 665 3663 ἀγ.
679 3593 708 3647 P.
720 3624 754 3633 —
769 3598 802 3646 λλ
817 3590 967 3661 πόρρωθεν
980 3594 1059 3654 λαοῖς
1073 3590 1088 3645 δ
1102 3591 1135 3645 Ρ.
