2617 3909
534 228 736 281 PRAEFATIO
1041 231 1142 281 LXXV

117 384 178 439 τῶν
205 385 260 456 τῆς
291 376 398 449 κακίας
426 374 564 457 ἐργατῶν.
612 376 829 455 Compendium
855 378 996 437 nimirum
1025 346 1141 457 αι’σχράτ

116 468 195 527 falso
217 469 435 544 interpretatus
459 469 512 527 est.

186 556 302 615 Deinde
326 555 484 633 Georgius,
510 557 546 615 ut
573 574 634 615 non
661 556 758 616 solum
785 560 851 616 erat
878 557 1026 617 scribendi
1052 557 1140 616 valdo

116 646 286 721 imperitus,
309 645 524 705 verumetiam
543 645 616 705 artis
635 646 848 723 grammaticae
867 648 989 705 omnino
1007 648 1140 725 ignarae,

115 735 149 793 id
177 735 259 810 quod
282 736 430 811 imprimis
457 734 605 811 praefatio
629 734 814 794 demonsiret
841 735 879 794 ab
903 738 968 813 ipso
996 737 1140 811 confecta,

115 843 206 899 saepe
226 824 315 881 initio
334 823 383 882 vel
401 823 459 881 fine
483 823 631 883 enuntiati
650 824 712 883 alin
729 825 821 883 verba
839 825 1004 900 substituit,
1021 825 1141 901 reliqua

117 912 244 972 verbum
266 913 328 971 fere
351 932 367 971 e
391 911 480 971 verbo
504 932 520 971 e
543 912 677 971 fontibus
699 914 903 988 transscribit,
929 917 1141 974 inconcinnum

114 1006 148 1061 et
166 1021 184 1059 a
199 1002 415 1079 grammaticae
433 1003 508 1060 artis
521 1003 639 1061 ratione
654 1001 865 1062 abhorrentem
879 1022 1045 1063 sermonem
1062 1003 1141 1063 effici

114 1092 240 1150 minime
264 1109 379 1151 curans.
418 1089 508 1150 Guius
527 1092 571 1149 rei
590 1092 759 1167 exemplum
779 1091 1016 1152 illustrissimum
1038 1095 1141 1152 inveni

116 1181 290 1257 p.345,1‚
312 1180 365 1238 ubi
387 1180 419 1237 in
442 1180 579 1239 omnibus
602 1181 688 1241 libris
711 1182 785 1240 mais
807 1182 932 1259 legitur:
954 1178 1005 1242 καὶ
1027 1180 1141 1242 τούτων

116 1267 172 1349 γὰρ
197 1265 308 1347 ὁμοίως
331 1265 346 1328 ὁ
369 1277 429 1327 τῶν
452 1266 555 1328 πόνων
578 1268 686 1348 οἴχεται
715 1268 826 1348 μισθὸς
850 1267 1065 1348 ἀρνησαμένων
1088 1268 1140 1329 τὸν

113 1367 176 1418 τῶν
198 1356 341 1419 ἐπάθλων
374 1354 517 1435 ὂιανομέα
545 1355 594 1417 καί
622 1366 675 1437 τῆς
706 1356 843 1436 ἀληθοῦς
871 1360 947 1437 ζωῆς
974 1356 1025 1418 καί
1053 1362 1139 1435 φιλο-

114 1447 228 1523 σοφίας
254 1444 470 1524 ἀποσφαλεῖσιν
498 1440 544 1528 (in
567 1448 725 1523 Excerptis
750 1448 788 1507 de
810 1449 973 1509 virtutibus
1001 1445 1140 1525 ἀποσφα-

116 1536 233 1615 λήσειν,
262 1537 294 1594 in
322 1536 422 1597 codice
445 1536 618 1613 Mosquensi
644 1540 720 1597 teste
743 1538 887 1597 Muraltio
914 1535 1140 1617 ἀποσφαλίρειν,

115 1626 295 1703 typothetae
312 1628 376 1685 sins
395 1625 486 1685 dubio
504 1627 579 1685 vitio
597 1645 652 1702 pro
670 1620 910 1708 inescatione).
941 1628 1046 1704 Neque
1064 1624 1140 1687 ἀπο-

7 1700 8 1787 ,
112 1712 290 1792 σφαλέντων
313 1714 514 1788 scribendum,
538 1734 634 1790 neque
657 1734 726 1774 oum
748 1716 892 1776 Muraltio
915 1713 1140 1794 ἀπεσφάῖησαν,

112 1804 168 1863 sed
186 1802 310 1881 Georgii
327 1824 359 1864 re
373 1822 445 1863 vera
463 1822 526 1863 esse
549 1804 711 1863 distortum
733 1805 789 1863 hoo
807 1806 998 1865 enuntiatum
1015 1805 1140 1877 videbis,

113 1894 142 1954 si
165 1912 234 1953 eum
256 1894 339 1952 fonte
367 1894 431 1953 eius
454 1893 546 1952 verba
574 1895 803 1969 comparaveris.
849 1896 885 1953 In
907 1895 973 1954 Nili
1001 1897 1081 1954 enim
1103 1895 1139 1954 de

113 1982 284 2043 monastica
315 1983 539 2042 exercitatione*
555 1984 702 2057 tractatu,
734 1983 812 2041 unde
845 1984 1035 2043 enuntiatum
1063 1983 1139 2043 illud

113 2073 328 2149 depromptum
354 2074 413 2145 est,
440 2072 567 2148 legitur:
595 2070 711 2143 τούτοις
725 2070 799 2133 -δ
822 2081 882 2131 τῶν
904 2071 1008 2133 πόνων
1031 2072 1139 2150 οἴχεται

115 2158 227 2239 μισθὸς
262 2157 479 2238 ἀρνησαμένοις
502 2192 547 2201 -
569 2156 619 2219 καῖ
642 2193 686 2201 -
713 2158 937 2238 ἀποσφαλεῖσιν.
993 2161 1140 2220 Simfliter

112 2270 144 2328 p.
166 2251 302 2325 304,19
322 2252 353 2309 et
371 2252 403 2307 in
420 2250 496 2309 Pet
513 2249 546 2307 in
565 2248 702 2309 omnibus
721 2250 782 2309 fore
801 2250 895 2325 libris,
914 2250 967 2326 qui
985 2270 1021 2309 ex
1039 2250 1139 2310 codice

115 2340 280 2416 archetypo
302 2342 465 2399 retractato
487 2338 637 2397 fluxerunt
660 2340 784 2416 legitur:
812 2334 911 2399 οὐκέτι
938 2337 1008 2411 τοὺς
1030 2336 1063 2398 ἐκ
1085 2347 1139 2398 τοῦ

109 2420 321 2505 Ἀσαμωναίου
338 2425 455 2508 γένους,
478 2424 551 2486 ἀλλά
569 2444 646 2487 τισιν
665 2425 792 2505 ἀσήμοις
810 2425 861 2488 καί
879 2427 973 2506 μόνον
986 2421 1140 2508 Ἑβραίοις

115 2508 185 2577 οάσι
207 2515 263 2593 τὴν
285 2514 507 2597 ἀρχιερωσύνην
530 2513 706 2593 ἀπένειμενΓ
738 2517 800 2577 Soli
829 2518 901 2577 libri
923 2517 987 2577 BF
1007 2537 1025 2578 a
1047 2519 1140 2578 lacto·

112 2606 199 2666 ribus
227 2606 352 2666 eruditis
380 2606 532 2666 emendati
559 2606 699 2665 exhibent
730 2603 828 2667 οὐκέτι
855 2611 917 2679 τοῖς
944 2605 985 2667 ἐκ.
1031 2608 1138 2667 Emen-

113 2695 269 2755 dationem
291 2695 368 2755 hanc
392 2695 529 2771 quamvis
552 2694 650 2754 levem
672 2699 774 2754 tumen
797 2716 857 2756 non
879 2698 992 2773 recepi,
1017 2716 1085 2757 cum
1108 2697 1140 2756 in

114 2786 209 2859 fonte,
231 2784 353 2861 Joseph.
371 2784 442 2843 Ant.
461 2784 531 2859 XX,
550 2786 625 2858 247,
654 2785 785 2862 legatur:
814 2782 912 2845 οὐκέτι
934 2784 1004 2858 τοὺς
1031 2784 1064 2846 ἐκ
1086 2793 1139 2845 τοῦ

111 2866 320 2952 Ἀσαμωναίου
334 2871 440 2954 γένους
459 2872 638 2950 καθίστησιν
656 2870 808 2953 ἀρχιερεῖς,
826 2871 899 2933 ἀλλά
917 2891 994 2934 τισιν
1012 2872 1139 2952 ἀσήμοις
1181 2946 1186 2953 ‚

114 2960 165 3027 καί
189 2960 285 3040 μόνον
311 2960 341 3035 ἐξ
362 2960 466 3041 Ιῖερέων
494 2952 561 3021 οὖσι
588 2959 643 3039 την
666 2961 756 3041 τιμὴν
782 2960 947 3042 ἀπένειμεν.
994 2963 1138 3040 Georgius

113 3052 212 3129 igitur
230 3071 298 3111 cum
312 3070 467 3127 excerpere
481 3051 646 3111 festinabat
665 3071 725 3110 non
741 3053 838 3112 solum
856 3053 943 3133 ἱερεῖς
961 3054 993 3111 in
1002 3045 1140 3131 Ἑβραῖοι

115 3143 258 3215 mutavit,
281 3141 332 3201 sad
350 3142 450 3201 totum
469 3142 659 3201 enuntiatum
677 3142 722 3200 ita
741 3144 899 3218 contraxit,
921 3145 956 3201 ut
977 3143 1138 3200 sententia-

114 3250 183 3289 rum
214 3249 307 3289 nexus
340 3230 495 3291 claudicet.
542 3229 574 3289 P.
600 3231 680 3304 330,
705 3232 747 3290 20
776 3230 921 3309 Georgius
950 3230 1065 3289 scribit:
1098 3235 1139 3314 τῷ

115 3315 341 3403 προσερχομένη)
375 3320 503 3397 ζηλῶσαι
534 3317 586 3379 τὸν
617 3318 687 3397 βίον
719 3317 776 3379 οάκ
806 3318 902 3391 εὐθὺς
933 3316 1139 3397 ἀδοκιμάστως

114 3406 165 3467 καὶ
193 3405 389 3488 ἀγυμνάστως
416 3405 631 3488 παραδέχονται
658 3407 833 3469 inconcinne
861 3409 987 3469 reddens
1014 3408 1139 3486 Josophi

114 3496 191 3557 Bell.
215 3497 260 3571 H,
287 3499 349 3557 137
384 3499 476 3558 verba
507 3502 546 3581 τῷ
576 3494 608 3557 δέ
639 3498 777 3574 ζηλοῦντι
808 3496 863 3575 την
895 3497 1008 3578 αἵρεσιν
1039 3496 1139 3557 αὐτῶν

115 3585 173 3647 οὐκ
200 3583 296 3659 εὐθὺς
322 3581 342 3665 ἡ
371 3585 510 3668 πάροδος.
556 3585 589 3644 Ρ.
612 3587 729 3660 206,7
755 3587 837 3661 apud
860 3584 1021 3663 Georgium
1047 3585 1140 3645 verba
