2617 3909
453 266 455 270 ·
485 267 488 272 ’
549 263 753 321 Χεοαειεοα
805 293 808 298 ,
1083 269 1147 335 195

136 416 231 478 αὐτοῦ
254 415 421 495 ἕκστήσεται
442 412 494 478 καὶ
516 423 620 497 συριεῖ,
642 416 692 478 καὶ
715 417 848 499 ἐροῦσιν·
868 409 944 480 ’ἀνθ’
970 411 1013 481 ὧν
1036 418 1151 501 ἕγκατόέ

136 522 225 578 λιπον
247 515 353 596 κόριον
368 516 428 578 τὸν
451 516 525 577 θεὸν
548 514 646 576 αὐτῶν
668 514 719 577 καί
742 514 936 596 άντελάβοντο
960 523 1042 579 θεῶν
1064 517 1151 580 ἀλλο-

135 616 236 697 τρίαν,
259 613 309 675 διὰ
331 622 418 674 τοῦτο
441 613 569 695 ἐπήγαγε
590 614 694 696 κύριος
716 613 771 694 τήν
792 616 900 676 κακίαν
923 617 1042 695 ταύτην.

207 712 267 774 Τόν
294 710 394 791 μέντοι
416 710 492 773 ναόν
515 710 531 774 ὁ
555 711 701 790 Σολομὼν
729 710 819 792 μέσον
840 721 894 792 τής
916 713 1028 787 πόλεως
1050 714 1150 794 δειμά-

136 832 226 890 μενος
256 809 330 871 κατά
361 811 450 872 νότον
481 804 689 892 τετραμμένον·
709 809 745 870 τά
777 807 902 872 ὀπίσθια
933 811 1008 893 πρὸς
1037 813 1150 894 βορρᾶν
1173 823 1190 873 ’σ

135 909 240 990 ἔχοντα
262 909 369 993 λυθίνρ)
392 908 539 993 περιβόλῳ
561 917 667 968 τοῦτον
693 898 885 970 συνέκλεισεν.
931 909 986 988 τήν
1009 908 1041 972 δὲ
1063 910 1150 971 πόλιν

135 1007 275 1088 μεγίστην
301 1004 352 1066 καί
382 1010 542 1088 περικαλλῆ
572 1003 747 1087 καταρτίσας
778 1005 828 1067 καί
855 1006 888 1068 ἔκ
915 1008 1011 1068 λάθον
1038 1011 1153 1068 λευκῶν

135 1115 236 1166 πᾶσαν
263 1104 469 1186 καταστρώσας
495 1102 546 1164 καὶ
572 1103 605 1166 τό
632 1093 805 1186 περίμετρον
829 1105 920 1183 αὐτῆς
942 1105 1069 1183 ποιήσας
1091 1103 1150 1167 άπὸ
1165 1121 1203 1161 ιιε
1216 1117 1249 1160 ει.

133 1208 229 1284 τεῖχος
260 1201 302 1275 είς
333 1208 426 1282 τεῖχος
458 1202 565 1282 μεταξὺ
597 1202 629 1264 τὸ
660 1202 806 1281 διάστημα
833 1203 958 1283 ἔχουσαν
985 1203 1090 1263 στάδια
1117 1199 1150 1281 μ’

133 1302 277 1384 γινόμενα
300 1300 382 1380 μίλια
403 1301 439 1374 ἓξ
461 1300 555 1380 ήμισν
580 1301 751 1362 δυσάλωτον
774 1301 925 1362 πάντοθεν
948 1301 1059 1379 ταάτήν
1081 1323 1149 1362 κατ-
1163 1325 1189 1365 ιο

133 1399 298 1461 εσκεόασεν.
336 1398 519 1481 περικλείσας
536 1397 596 1479 γάρΙ
607 1397 702 1477 αὐτήν
720 1397 795 1479 τρισὶ
813 1400 915 1479 τείχεσι
933 1396 984 1459 καλ
1002 1399 1150 1480 φάραγξιν

133 1496 351 1578 ἄπερρεογυίαις
382 1497 565 1578 κατάρρυτον
595 1496 704 1558 ὕδασιν
736 1495 809 1576 όλην
839 1495 991 1576 ἐποίησεν,
1019 1496 1090 1558 ὥστε
1118 1495 1150 1557 ἐκ

131 1605 188 1676 τής
210 1588 373 1677 ἀπορροίας
394 1594 464 1667 τοὺς
486 1595 602 1673 κήπους
624 1593 724 1656 αὐτῶν
747 1593 934 1677 ἀρδεύεσθαι.
981 1594 1071 1656 ἔκειτο
1093 1594 1149 1677 ’γάρ

133 1689 155 1773 ή
178 1693 263 1767 πόλις
285 1691 334 1755 ἐπὶ
357 1692 503 1775 μετεώρου
525 1691 575 1752 καί
597 1691 716 1775 τραχέος
740 1691 844 1774 τόπου,
867 1692 899 1754 ἕν
921 1681 942 1779 ή
964 1689 1015 1754 καί
1037 1692 1149 1775 όπήρχε

132 1791 217 1875 πηγή
244 1814 288 1865 τις
314 1791 499 1873 πολάρρυτος
530 1789 662 1864 ἀεννάοις
689 1789 880 1873 ἐπιρρέουσα,
911 1790 1006 1852 πολλὰ
1036 1789 1068 1852 δὲ
1099 1789 1150 1852 καί
1163 1815 1190 1858 15

132 1889 208 1952 άλλα
235 1890 328 1952 ὕδατα
356 1887 464 1969 ἔβρυον
490 1887 523 1950 ἐν
550 1889 624 1974 αότή
647 1887 758 1968 πότιμα
780 1888 830 1950 καί
853 1887 1032 1950 άδιάλειπτα.
1078 1888 1093 1951 ὁ
1118 1887 1150 1950 δέ

132 2009 167 2070 γε
198 1987 330 2069 λαμπρὸς
361 1986 411 2048 καί
442 1987 628 2068 περιώνυμος
659 1986 733 2060 ναὸς
764 1986 876 2059 ἐκεῖνος
907 1985 1082 2067 ἀξιάγαστος
1109 1979 1148 2066 ήν

132 2085 228 2160 ὄντος
258 2084 381 2164 ἀληθῶς
412 2084 462 2146 καί
493 2086 646 2167 περίδοξος
677 2085 758 2146 πάνυ
790 2082 841 2144 καί
872 2092 925 2162 τῆς
953 2088 1149 2162 Σολομῶντος

132 2185 243 2263 σοφίας
265 2181 472 2265 ἐναργέστατος
494 2183 599 2264 κήρυξ,
622 2187 732 2262 μᾶλλον
756 2179 788 2242 δὲ
810 2190 863 2260 τῆς
885 2189 939 2242 τοῦ
957 2179 1148 2262 προστεταχό-

132 2304 185 2356 τος
205 2290 413 2364 γενεσιουργοῦ
436 2281 557 2342 πάντων
579 2279 727 2342 θεοῦ-καὶ
750 2278 993 2361 συνεργήσαντος.
1035 2278 1071 2339 οὐ
1091 2277 1147 2361 γὰρ
1161 2303 1189 2343 ιο

131 2371 236 2463 γέγονε
258 2387 390 2452 τοιοῦτος
416 2378 534 2440 πώποτε
560 2377 634 2451 ναὸς
661 2376 709 2439 ἐπὶ
731 2387 784 2456 τῆς
810 2385 880 2457 γῆς,
907 2376 981 2437 ὅθεν
1004 2374 1053 2437 καὶ
1073 2371 1148 2438 Ἰου-

132 2479 216 2540 δαῖοι
243 2473 291 2538 ἐπί
318 2485 353 2561 τῇ
381 2477 578 2560 μεγαλουργίᾳ
607 2476 715 2537 τούτου
737 2474 787 2536 καί
814 2474 977 2559 πολυολβίμ
1004 2472 1148 2553 σεμνυνό-

207 2627 222 2676 ‘1
245 2621 420 2689 καταρτήσας
437 2619 606 2693 BOFGNR
630 2652 665 2690 7-
688 2620 736 2674 καλ
760 2619 790 2674 ἐκ
813 2616 1149 2687 λίθων-καταστρώσας

132 2711 186 2750 om.
197 2692 252 2748 CF.
267 2725 302 2734 -
317 2698 333 2747 8
347 2694 453 2764 πᾶσαν]
469 2690 535 2762 ὃλην
548 2690 607 2746 RV.
618 2700 654 2732 —'
669 2696 702 2745 10
716 2689 866 2761 αίπήνθν
880 2707 929 2746 mn.
941 2691 977 2745 M.
993 2724 1027 2734 -
1043 2697 1075 2746 11
1091 2689 1147 2760 φά-

133 2765 216 2835 ραξιν
235 2764 347 2820 GFGN.
366 2795 401 2804 -
425 2770 459 2818 18
481 2765 628 2833 άπορράας
642 2761 719 2817 CFM
738 2759 895 2831 ἀπορροίας
907 2762 961 2815 DP
979 2760 1100 2830 ἀπορίας
1114 2761 1146 2816 G.

133 2869 168 2880 -
189 2842 222 2890 14
239 2832 362 2908 τραχέως
380 2834 513 2889 OFLNP.
533 2867 566 2875 -
586 2840 619 2889 17
638 2835 745 2897 ἐκεῖνος
760 2834 832 2896 ναὸς
850 2833 905 2890 CF.
926 2866 959 2874 —
982 2840 1015 2888 19
1035 2831 1147 2902 ἐναργέ-

133 2909 244 2981 στατος]
263 2906 394 2975 ἐνάρετος
407 2905 539 2960 OLNRV
557 2905 697 2974 ἐξαίρετος
713 2905 743 2959 F.
763 2936 797 2947 -
817 2911 850 2960 21
870 2904 940 2968 ναὸς
957 2906 1069 2959 πώποτε
1087 2902 1148 2957 ΒΜ

131 2979 190 3035 ποά
208 2997 275 3034 ποτε
293 2978 359 3033 τοῦ
381 2978 448 3032 ποτὲ
467 2999 492 3058 ν.
511 2979 541 3032 F.

207 3092 221 3139 1
240 3088 308 3142 Ροετ
326 3084 438 3153 ἐροῦσιν
456 3082 479 3138 Ρ
502 3084 566 3139 aad.
585 3101 619 3139 επ
637 3083 802 3154 111.Regg.:
828 3079 920 3138 ἕνεκεν
938 3079 1014 3145 τίνος
1033 3076 1146 3150 ἐποίησε

132 3156 231 3226 κύριος
244 3157 315 3212 οὕτω
331 3165 366 3228 τῇ
380 3165 414 3228 γῇ
428 3157 516 3228 ταύτῃ
531 3157 580 3210 καί
592 3160 631 3229 τῷ
641 3155 710 3228 οίκῳ
723 3155 818 3228 τούτῳ.
847 3153 897 3206 καλ
911 3153 1083 3221 ἐροῦσιν-8
1098 3153 1147 3206 καλ

131 3229 165 3284 τό
179 3225 373 3299 περίμαίιτής
387 3226 507 3283 σταδίαν
521 3226 641 3295 ποιήσας
654 3225 686 3296 μ’
697 3224 829 3296 γινόμενα
848 3223 931 3294 μήλια
947 3223 975 3283 ς’
991 3221 1010 3293 ή
1030 3240 1074 3277 ισυ
1089 3223 1146 3277 άπὸ

132 3308 223 3370 τεῖχος
237 3300 276 3363 είς
289 3319 312 3354 τ.
328 3299 448 3370 ἔχουσαν
467 3300 569 3369 μεταξὺ
586 3299 618 3353 τὸ
632 3297 722 3352 ὃιάστ.
737 3297 786 3352 καὶ
799 3296 856 3351 άπὸ
871 3295 1004 3360 ξυστῶνλ
1040 3314 1079 3348 αν
1098 3294 1146 3348 καλ

131 3367 268 3443 μεγίστοιν
278 3369 389 3441 σφόδρα
397 3371 502 3441 ταύτην
512 3369 698 3446 οἰκοδομήσας
707 3367 803 3425 δυσάλ.
813 3366 895 3422 πάντ.
905 3365 1106 3421 κατεσκεύασεν
1115 3365 1145 3419 Ρ.

133 3474 167 3484 -
189 3448 222 3496 15
239 3443 354 3512 πολόρρ.
369 3451 495 3511 φυσικῶς
512 3440 644 3506 άεννάαςΙ
658 3441 746 3510 ἐπίρρ,
764 3442 810 3510 (ef.
824 3438 953 3492 Aristeae
968 3453 1010 3508 cp.
1026 3439 1079 3507 89),
1098 3437 1146 3491 καλ

132 3511 185 3585 μέν
199 3533 230 3584 γε
247 3516 296 3568 καί
306 3513 381 3582 ’άλλη
395 3514 557 3582 παράδοξος
570 3513 702 3583 ἐτύγχανε
720 3511 806 3567 πάλιν
819 3514 858 3583 τῷ
867 3507 918 3580 μὲν
931 3518 1045 3581 χειμῶνι
1083 3527 1146 3577 ροτ-

131 3604 164 3639 το
200 3605 235 3654 νή
253 3586 284 3641 τὸ
304 3585 335 3640 δὲ
353 3582 434 3653 θέρει
447 3588 647 3654 πλημμυροῦσα
661 3583 690 3637 Ρ.
707 3615 740 3624 -
761 3587 793 3638 16
813 3529 1096 3705 ἔβρυον]ΡεάροιονῗἸ
1111 3611 1145 3621 -

132 3675 154 3711 τι
187 3655 245 3726 ημά
262 3676 292 3713 τε
310 3657 358 3712 καλ
372 3657 402 3710 P.
419 3687 455 3698 -
475 3661 508 3710 18
525 3663 575 3726 τής
592 3654 786 3725 σολομοντείου
805 3649 907 3723 σοφίας

934 3742 985 3796 13⁸
