2617 3909
167 220 233 286 262
479 223 666 275 ΓΕΩΡΓιον
684 224 869 276 Μοαικου

165 370 284 449 ἐποίησε
306 369 338 432 τὸ
357 367 491 452 πονηρὸν
509 369 637 432 ἐνώπιον
654 371 762 451 κυρίου
779 370 830 432 καλ
848 371 965 453 ἐσφάγη
983 371 1043 435 ὑπὸ
1062 374 1186 454 Σελοὺμ

165 468 340 548 βασιλεύσας
363 477 460 548 μῆνας
483 465 522 538 ς’.

486 644 552 723 [ιδ’.
585 646 674 728 Περὶ
697 649 859 727 Σελούμ]

232 769 320 831 Μετὰ
343 767 375 830 δέ
395 766 531 854 Ἀζαρίαν
554 771 742 852 ἐβασίλευσεν
765 771 781 833 δ
804 774 923 854 Σελοὺμ
941 774 991 835 καὶ
1009 775 1132 855 ἐποίησε
1150 777 1184 838 τὸ
1294 776 1295 787 ’

138 867 298 949 σπονηρὸν
321 867 448 929 ἐνώπιον
472 870 577 950 κυρίου
600 869 650 931 καὶ
672 870 788 952 ἐσφάγη
811 870 870 934 διεδ
890 872 1022 952 Μαναῒμ
1044 876 1184 953 βασιλεύ-

164 984 217 1038 σας
240 975 321 1046 μῆνα
339 963 380 1026 α’.

486 1053 545 1134 [ιε’.
574 1055 662 1138 Περὶ
685 1061 859 1138 Μαναλμ.]

230 1179 317 1242 Μετὰ
350 1177 382 1242 δὲ
409 1181 529 1260 Σελοὺμ
560 1180 728 1262 ἐβασίλευσε
755 1183 886 1262 Μαναῒμ
912 1182 965 1277 ’καὶ
997 1182 1118 1264 ἐποίησε
1151 1186 1183 1248 τὸ
1294 1180 1295 1191 ’

163 1277 296 1362 πονηρὸν
319 1279 447 1340 ἐνώπιον
469 1280 575 1362 κυρίου
596 1279 646 1342 καὶ
669 1279 786 1361 ἐσφάγη
808 1281 868 1343 ὑπὸ
890 1283 1021 1343 Φακεσία
1044 1284 1183 1363 βασιλεύ-

124 1397 149 1437 10
163 1394 217 1450 σας
240 1377 289 1456 ἐτη
313 1374 346 1437 ι’.

466 1461 534 1548 [ις’.
579 1467 667 1548 Περὶ
694 1464 875 1550 Φακεσία]

230 1589 317 1650 Μετὰ
346 1587 377 1652 δὲ
401 1591 532 1669 Μαυαῒμ
554 1591 721 1672 ἐβασίλευσε
748 1594 895 1666 Φακεσίας
921 1593 987 1666 υίὸς
1014 1594 1108 1656 αύτού
1132 1594 1183 1656 καὶ

163 1685 281 1765 ἐποίησε
303 1687 335 1748 τὸ
358 1687 493 1770 ιιυνηρδυ
515 1689 644 1752 ἐνώπιον
666 1692 773 1772 κυρίου
794 1690 844 1751 καὶ
867 1690 982 1772 ἐσφάγη
1001 1690 1061 1753 {ab
1085 1690 1181 1754 Φακεὲ

163 1784 337 1864 βασιλεύσας
360 1784 410 1864 ἐτη
433 1782 475 1866 β’.

124 1973 149 2014 ισ
197 1926 198 1930 ¹
498 1951 559 2038 [ιζ’.
590 1955 677 2038 Περὶ
703 1953 841 2037 Φακεέ]

230 2078 317 2140 Μετὰ
350 2079 381 2142 δὲ
417 2082 566 2143 Φακεσίαν
594 2081 761 2161 ἐβασίλευσε
791 2080 886 2143 Φακεὲ
917 2081 968 2143 καὶ
999 2080 1120 2162 ἐποίησε
1148 2085 1180 2145 ιδ

163 2178 298 2261 πονηρὸν
320 2177 449 2240 ἐνώπιον
472 2180 577 2260 κυρίου
600 2179 650 2240 καί
672 2178 788 2261 ἐσφάγη
811 2178 871 2241 ύσσὸ
891 2174 979 2258 Ὠσηέ
1002 2179 1180 2260 βασιλεύσας

64 2289 103 2327 190
117 2287 148 2326 M·
163 2275 213 2354 ἐτη
236 2272 275 2338 κ’.
316 2276 456 2339 ἐντεῦθεν
484 2277 686 2356 διδασκόμεθα
714 2276 754 2350 ὡς
781 2275 849 2351 τοὺς
876 2278 1006 2361 πονηρία
1030 2280 1180 2351 συζῶντας
1294 2288 1295 2357 ζ

164 2367 205 2433 δι’
236 2372 370 2453 ἀλλήλων
398 2373 414 2436 δ
442 2376 514 2450 θεὸς
545 2376 677 2449 κολάζειν
708 2376 816 2436 εἴωθεν
842 2375 892 2436 καὶ
921 2377 961 2460 τῷ
989 2374 1180 2462 ιιονηροτέρηο
1294 2370 1295 2417 3

123 2493 149 2531 ιο
163 2471 214 2532 τὸν
238 2472 371 2554 πονηρὸν
394 2475 597 2554 παραδίδωσιν
625 2467 691 2536 οἷόν
718 2491 776 2534 εισι
804 2474 922 2553 δημίοις
949 2472 1050 2546 αὐτοῖς
1076 2497 1180 2556 κεχρηι
1294 2468 1295 2517 ³

164 2591 260 2646 μενος.

505 2656 572 2740 [ιη’.
605 2659 693 2742 Περὶ
713 2656 839 2746 Ὠσηὲ]

231 2781 318 2844 Μεκδι
346 2781 378 2844 δέ
403 2781 498 2844 Φακεέ
526 2782 711 2864 ἐβασίλευσεν
731 2778 820 2864 Ὠσηὲ
847 2783 896 2864 ἐτη
919 2781 957 2845 θ’
978 2783 1028 2845 καὶ
1051 2785 1180 2864 ποιήσας

164 2879 196 2940 τὸ
226 2879 359 2961 πονηρὸν
391 2878 519 2942 ἐνώπιον
551 2884 671 2962 κυρίου,
704 2874 779 2962 ἦλθε
809 2881 1009 2964 Σαλμανασδιρ
1041 2883 1180 2962 βασιλεὺς

163 3019 377 3030 --.-..

237 3101 340 3150 ιε-ιι
360 3094 525 3152 Theodoret.
540 3097 571 3152 in
584 3098 629 3152 ΠΙ.
644 3099 733 3168 Regg.
749 3097 862 3164 (εοεαε
877 3102 912 3152 48
930 3098 1026 3168 Migne
1041 3097 1121 3153 Tom.
1135 3104 1179 3166 ευ,
1294 3074 1295 3085 ’

166 3168 257 3221 721Β.

235 3324 251 3370 4
275 3318 289 3373 δ
314 3337 364 3373 om.
386 3319 469 3373 BFR.
495 3352 528 3361 -
552 3279 568 3374 δ
588 3320 702 3389 μαναὴμ
724 3321 777 3373 ΑΗ
799 3322 921 3390 μαναελμ
943 3320 974 3373 Μ
998 3318 1066 3390 ναῒμ
1088 3321 1119 3374 Β.
1144 3351 1178 3360 -

165 3393 293 3458 θμῆναν
315 3390 434 3445 BOHR.
463 3421 497 3432 -—
526 3397 542 3444 8
565 3391 680 3460 μαναημ
697 3391 791 3444 ΑΗΜ.
820 3423 855 3432 -
883 3397 899 3444 9
922 3389 1060 3461 φακεσίου
1082 3391 1117 3445 Ν.
1145 3424 1178 3432 -

166 3465 198 3511 12
218 3459 332 3529 μαναὴμ
344 3462 377 3514 A.
393 3493 427 3502 -
448 3467 480 3515 17
501 3461 571 3530 ὡσηέ
588 3460 608 3514 (λ
627 3462 727 3515 ὡσιὲδ
747 3461 805 3516 δσιὲ
823 3462 917 3515 ΑΗΜ.
933 3493 966 3502 -
986 3467 1020 3514 23
1039 3463 1111 3532 ὡσηέ
1130 3463 1179 3518 GP

165 3529 268 3584 036th
291 3531 349 3586 δσιέ
367 3531 462 3584 ΑΗΜ,
485 3561 519 3572 -
543 3529 698 3600 ἐποίησε-
709 3533 758 3586 καλ
776 3533 835 3601 (καλ
854 3549 904 3588 om.
924 3533 986 3601 BR)
1005 3527 1075 3602 ἦλθε
1093 3534 1178 3588 BFR.

165 3631 197 3640 —
218 3607 252 3654 24
271 3601 470 3671 σαλαμανασδιρ
490 3600 591 3655 ABOL
615 3602 815 3670 σαλαμανάσαρ
834 3603 861 3656 N
883 3603 1045 3672 σαλαυάσαρ
1065 3604 1099 3657 V.
