2617 3909
156 219 199 284 33
468 220 655 273 Γεωενιον
673 222 857 274 Μοοικοε

154 370 247 452 γάλου
265 347 431 451 Γρηγορίου
456 367 610 449 διαφόρων
633 367 734 430 ἐθνῶν
756 366 806 430 καί
828 367 917 448 η’θῶν
937 367 987 429 καί
1005 369 1123 451 τρόπων
1141 391 1172 430 τε

155 467 206 530 καί
229 467 330 546 νόμων
355 466 612 548 έξηγούμενοςέν
593 465 758 551 νέπιτομῇ
786 467 884 529 τοιοίδε
912 467 1031 546 φύσκει
1059 465 1147 528 έν
1114 491 1171 548 γαρ

155 566 263 650 ἕκάστχ
286 565 366 648 χώρα
388 562 438 624 καί
460 564 581 626 ἔθνεσιν
603 563 636 626 έν
654 570 715 638 τοῖς
734 562 788 686 μέγ
804 565 953 686 ἔγγραφος
972 564 1063 644 νόμος
1081 563 1171 662 έσρίν,

156 663 189 732 ἕν
206 669 269 736 τοῖς
287 659 355 723 δὲ
337 687 357 741 ιχ
376 661 532 740 συνήθεια.
573 662 666 742 νόμος
683 661 738 744 γὰρ
757 661 881 742 ἀνόμοις
900 662 936 724 τά
954 663 1063 744 πάτρια
1081 663 1171 724 δοκεῖ.

129 753 200 822 σόον
231 769 342 842 πρῶτοι
369 764 466 841 Σῆρες
498 761 530 820 οῖ
553 758 635 822 τδ”
615 783 708 841 ακρον
735 769 789 840 τῆς
816 770 871 842 γῆς
898 761 1049 834 οἰκοῦντες
1075 760 1171 839 νόμον

153 858 253 939 ἔχουσι
269 859 302 921 τὸ
321 864 459 942 πατρῷον
477 857 549 931 ἔθος
567 857 608 937 μδ
627 856 817 939 πορνεύεινό)
833 859 979 939 μοιχεύειν
997 856 1017 939 ἢ
1036 856 1170 920 κλέπτειν

69 977 95 1017 ετ
109 955 174 1036 HV)
193 957 339 1037 λοιδορεῖν
361 953 381 1036 ἢ
400 957 540 1034 φονεύειν
560 954 580 1036 ἢ
599 959 776 1038 κακουργεῖν
798 957 830 1019 τὸ
849 957 986 1018 σύνολον.
1026 955 1119 1036 νόμος
1137 953 1171 1017 δὲ

153 1052 203 1115 καί
225 1054 305 1137 παρὰ
323 1054 519 1136 Βακτριύναις
540 1051 607 1132 ἤτοι
624 1055 814 1136 Βραχμόναις
836 1052 887 1115 καί
905 1055 1076 1134 Νησιύταις
1099 1051 1172 1133 δέτι

153 1153 309 1235 προγόνων
336 1153 455 1214 πατδεία
480 1175 509 1213 τε
536 1151 587 1213 καὶ
613 1150 746 1233 εὐσέβεια
773 1152 813 1233 μὴ
841 1157 1018 1234 κρεοφαγεῖν
1045 1150 1066 1232 ἢ
1089 1151 1171 1214 οἰνο-

114 1270 140 1310 ιο
154 1256 254 1312 ποιεῖν
282 1248 302 1330 ἢ
330 1251 482 1332 λαγνεύειν
509 1248 530 1329 ἢ
557 1250 702 1312 παντοίαν
728 1251 835 1312 κακίαν
863 1249 1093 1331 διαπράττεσθαι
1121 1249 1172 1311 δεδι

154 1348 250 1410 πολύν
273 1348 372 1428 φόβον
394 1354 471 1410 θεοῦ
494 1346 545 1409 καί
567 1348 677 1428 πίστιν,
700 1348 795 1410 καίτοι
813 1370 845 1429 γε
868 1357 927 1409 τῶν
945 1345 1170 1429 παρακειμένων

153 1447 254 1520 αὐτοῖς
273 1441 377 1508 Ἰνδῶν
402 1445 659 1526 μιαιφονούντων,
687 1444 963 1526 οἰνοφλυγούντων,
991 1444 1171 1527 αἰσχροπρα-

152 1544 288 1625 γούντων
310 1543 447 1623 έμμανῶς
470 1565 499 1604 τε
526 1542 577 1605 καί
598 1542 775 1625 ύπερφυῶς,
803 1541 835 1604 ἐν
863 1540 896 1603 δὲ
921 1548 983 1616 τοῖς
1005 1540 1169 1624 ένδοτέροις

153 1640 252 1722 μέρεσι
277 1641 390 1702 τούτων
416 1639 721 1723 ἀνθρωποβοροῦντες
750 1639 800 1701 καί
826 1639 896 1713 τούς
923 1639 1171 1719 ἐπιξενουμένους

113 1759 139 1800 τι
152 1738 345 1820 ἀναιροῦντες
358 1739 482 1817 μάλιστα
495 1739 705 1800 κατεσθίουσιν
723 1737 819 1820 ὥσπερ
838 1738 933 1812 κύνες.
966 1736 1062 1820 ἕτερος
1078 1737 1171 1818 νόμος

152 1837 314 1910 Χαλδαίοις
331 1859 362 1897 τε
379 1835 429 1897 καί
443 1836 646 1916 Βαβυλωνίοις
663 1841 871 1918 μιμρογαμεῖν,
889 1833 1172 1913 ἀδελφοτεκνοφθο-

152 1941 215 2016 ρεῖν
236 1933 288 1996 καί
311 1940 481 2014 μιαιφονεῖν
504 1932 554 1994 καί
574 1945 674 1995 πᾶσαν
696 1939 843 2014 θεοστυγῖγ
867 1932 975 2013 πρῦξιν
998 1930 1039 2006 ὡς
1061 1931 1169 2015 ἀρετὴν

152 2031 318 2114 ἀποτελεῖν,
349 2017 407 2093 κάν
432 2032 532 2114 πόρρω
559 2041 612 2112 τῆς
638 2032 734 2113 χώρας
761 2031 860 2092 αύτῶν
886 2030 1037 2113 γένωνται.
1082 2028 1171 2106 ἀλλος

153 2129 185 2192 δὲ
207 2129 289 2214 παρὰ
311 2132 450 2210 Γηλαίοις
478 2130 571 2210 νόμος
595 2135 739 2212 γυναῖκας
761 2135 900 2211 γεωργεῖν
927 2127 976 2191 καί
999 2129 1170 2208 οἰκοδομεῖν

112 2249 139 2289 το
153 2229 202 2290 καί
225 2229 260 2290 τά
282 2227 402 2311 ἀνδρῶν
429 2228 581 2310 πράττειν,
608 2226 681 2289 ἀλλὰ
707 2225 757 2288 καί
783 2227 940 2309 πορνεύειν
967 2224 1008 2300 ὦς
1034 2224 1073 2288 διν
1095 2228 1170 2309 βού·

153 2333 261 2389 λωνται
284 2327 324 2407 μδγ
348 2327 532 2406 κωλυόμενοι
554 2330 703 2399 παντελῶς
725 2324 784 2386 ύπδ
807 2335 867 2387 τῶν
884 2323 1003 2407 ἀνδρῶν
1025 2325 1125 2388 αὐτῶν
1147 2323 1169 2407 ἢ

153 2425 337 2504 ζηλούμενοι.
370 2423 402 2484 έν
416 2419 464 2498 αἶς
477 2423 644 2505 »ὑπάρχουσι
657 2422 707 2484 καί
720 2422 950 2499 πολεμικώτατοι
967 2421 1017 2484 καὶ
1031 2428 1170 2505 θηρῶσαι

152 2521 188 2583 τά
207 2521 247 2602 μὴ
266 2522 333 2582 λίαν
352 2521 524 2604 ἰσχυρότατα
541 2531 601 2582 τῶν
619 2522 746 2601 θηρίων.
783 2517 906 2602 ἀρχουσι
924 2517 956 2581 δὲ
974 2529 1033 2581 τῶν
1051 2521 1171 2582 οἰκείων

151 2617 271 2701 ἀνδρῶν
297 2617 348 2679 καὶ
370 2619 568 2701 κυριεύουσιν.
613 2617 646 2679 έν
669 2616 701 2680 δέ
723 2618 882 2701 Βρεττανίᾳ
909 2622 1037 2679 πλεῖστοι
1064 2614 1171 2701 ἀνδρες

224 2804 239 2851 2
260 2797 442 2887 ἐξηγούμενος
459 2795 528 2850 τάδε
545 2794 632 2867 φησίν
646 2795 673 2851 N
692 2794 778 2868 φησίν
794 2799 876 2852 etiam
890 2797 1000 2851 LRff-
1019 2801 1035 2850 8
1048 2799 1170 2922 μακτρι-

151 2868 218 2932 ἀνες
236 2867 289 2923 GH
310 2867 567 3010 ἓακριάναιςΑβ
549 2868 769 2940 βεοτριαναῖςίά
799 2871 978 2940 βακτριανοῑς
1000 2868 1048 2922 FR
1090 2868 1168 2924 Caes.

150 2939 298 3011 (Βάκτροις
334 2957 367 2992 us
456 2941 510 3011 βρα
528 2939 649 3009 μάνεςΗ
664 2942 822 3013 βραχμᾶσιυ
835 2938 883 2993 FV
897 2945 1075 3012 Βραχμανοῑς
1090 2939 1169 2996 Caes

151 3043 187 3052 —
205 3017 221 3066 9
241 3020 416 3081 κρεοφαγεῖν
377 2942 632 3065 )ΒΡ(ἀίδν.-
658 3018 691 3066 12
714 3031 823 3081 κρεοφα
842 3011 949 3066 ούντων
968 3019 1032 3081 post
1052 3031 1170 3082 μιαιφο·

151 3083 278 3139 υούντων
299 3083 363 3137 add.
378 3083 412 3136 N.
433 3113 467 3122 —
486 3082 547 3137 οἰνο
550 3083 730 3153 φλυγούντων
751 3100 802 3138 ουτ.
852 3081 966 3136 RV.-
991 3088 1024 3137 14
1044 3083 1169 3148 ἐπιξενο-

151 3153 254 3224 μόνους
268 3152 397 3208 CDFGP
411 3154 458 3209 έπλ
471 3152 655 3218 ξένοιςΒ
671 3159 704 3208 18
720 3153 853 3209 ἐπιτελεῖν
865 3152 1027 3208 ABGV
1042 3159 1075 3208 19
1089 3154 1170 3222 παρὰ

151 3223 278 3316 γηλαίοις
295 3228 442 3296 (παραγηλ.
458 3226 483 3278 Α
506 3222 575 3293 παρ’
597 3226 674 3296 ἀγηλ.
695 3223 721 3278 V
745 3227 875 3314 παραχιλ
895 3223 961 3316 ΗΒ)
980 3175 1170 3280 AGGNPRV

151 3296 230 3365 παρὰ
247 3295 429 3368 γαλλαίοιςΒ
451 3295 530 3365 παρὰ
548 3293 742 3367 γαλιλαίοιςΒ
767 3295 844 3364 παρὰ
863 3295 966 3363 Πύλαις
986 3295 1063 3350 Caes.
1088 3297 1169 3365 παρὰ

152 3367 254 3434 Ρήλοιο
275 3367 395 3422 Eus.-
419 3373 455 3422 23
478 3319 565 3423 ἰδίων
578 3368 687 3422 FR-
712 3373 746 3422 24
769 3365 915 3439 βριττανία
936 3373 969 3422 ut
957 3367 1044 3422 tvid.
1062 3368 1087 3420 A
1111 3370 1169 3438 (sed

150 3455 203 3509 my
218 3437 374 3511 βρεττανοί)
393 3436 571 3512 βριτανίαῦ.

224 3603 257 3651 21
277 3599 370 3654 αύτῶν
388 3617 433 3655 om
450 3599 479 3655 P.
