2617 3909
552 224 756 275 ΠΡΟΛΟΓΟΣ
1140 222 1161 287 5

149 368 241 430 οἱονεὶ
264 369 529 451 μεταμορφουμένη
552 371 725 450 λυμαίνεταί
744 393 808 443 πως
830 378 866 455 τή
887 370 1064 455 προκειμένῃ
1083 376 1161 433 θεω·

138 468 209 550 ρίμ,
231 466 395 529 κλέπτουσα
417 468 583 547 λεληθότως
603 469 658 548 τήν
676 469 819 548 αἴσθησιν
837 468 979 551 καὶπρὸς
999 469 1055 549 τήν
1072 491 1161 529 κατα-

149 564 255 643 νόησιν
277 576 330 645 τής
347 564 519 639 ὑποθέσεως
541 565 736 628 ἐπισκοποῦσα
758 572 819 640 τοῖς
837 565 1073 647 ἐντυγχάνουσιν.
1114 565 1162 627 ἐκ-

148 666 262 744 λιπαρῶ
286 662 318 725 δι’
336 686 367 744 γε
390 663 459 737 τοὺς
481 662 707 743 ἐντευξομένους
731 662 893 743 φιλοθέους
915 663 965 725 καὶ
983 664 1162 745 φιλολόγους

148 758 364 842 ὑπερεόχεσθαί
390 784 447 839 μου
475 761 525 822 διὰ
551 761 603 823 τὸν
626 762 730 843 κόριον
757 770 810 823 τοῦ
832 771 973 823 ταπεινοῦ
999 761 1050 823 καλ
1072 760 1188 843 ὑπερ-ο

148 859 215 918 λίαν
243 856 416 941 ἀμαρτωλοῦ
443 882 472 920 τε
498 858 548 920 καί
576 858 693 942 ἀλόγου.
739 858 789 919 καί
815 859 843 921 εί
864 858 918 939 μὲν
939 859 1083 941 χρήσιμον
1113 858 1162 921 καλ

148 954 300 1036 ἀποδοχῆς
321 954 404 1029 ἀξιον
422 954 534 1037 ὀφθείη
557 955 590 1018 τό
608 955 780 1030 πανευτελές
802 955 883 1018 τουτί
903 957 1163 1040 δραματουργημα,

149 1060 189 1139 τῷ
211 1056 332 1116 πόντων
361 1055 444 1139 αἰτίφ
475 1065 535 1116 τῶν
563 1060 663 1116 καλῶν
688 1053 865 1134 ἀναθετέον,
897 1055 926 1115 εί
955 1052 988 1116 δὲ
1019 1054 1099 1137 παρὰ
1129 1054 1162 1115 τὸ

148 1161 301 1234 προσηκον
329 1151 531 1233 ἀσυνάρτητόν
558 1176 587 1214 τε
614 1151 664 1213 καί
691 1151 824 1233 περιττὸν
854 1150 894 1225 ὡς
921 1151 1000 1225 εἰκὸς
1031 1152 1080 1213 διὰ
1107 1152 1162 1232 τήν

149 1249 272 1331 ἀλογίαν
299 1247 384 1330 ήμῶν
412 1250 563 1332 εὑρεθείη,
596 1251 859 1331 συγγνωσθείημεν
888 1248 963 1331 πρὸς
989 1258 1042 1329 τῆς
1070 1247 1162 1321 όντως
1177 1273 1202 1313 ιο

150 1346 200 1408 καί
223 1346 352 1429 ἀρρήτου
376 1349 494 1428 σοφίας,
517 1347 559 1409 ἐτι
581 1348 641 1427 μήν
663 1346 714 1408 καλ
736 1346 816 1428 παρά
838 1356 898 1408 τῶν
915 1347 1069 1427 τροφίμων
1091 1346 1162 1407 ταό-

149 1468 202 1525 της
225 1444 385 1524 θεοσόφων
408 1444 458 1506 καί
480 1445 636 1527 θεηγόρων
659 1468 688 1505 τε
711 1443 761 1505 καί
784 1446 958 1526 φερεσβίων,
986 1443 1027 1517 ὡς
1050 1444 1163 1505 ἰδιῶται

149 1543 267 1617 πάντως
294 1542 331 1604 οὐ
354 1542 447 1622 μόνον
474 1549 513 1629 τῷ
532 1542 623 1629 λόγφ,
651 1540 723 1603 ἀλλά
750 1541 799 1605 καί
828 1551 864 1627 τῇ
887 1543 1001 1623 γνώσει.
1046 1540 1107 1621 ήδη
1131 1539 1163 1603 δέ

149 1640 254 1702 λοιπὸν
281 1640 338 1701 σὺν
364 1646 427 1726 θεῷ
454 1650 506 1721 τής
528 1639 701 1714 ὑποθέσεως
725 1641 780 1720 τήν
803 1631 896 1721 ἀρχήν
923 1639 1063 1702 ἐντεῦθεν
1090 1639 1164 1700 κατά

149 1739 204 1818 τήν
227 1737 303 1818 ἐμὴν
325 1738 487 1819 ποιήσομαι
511 1739 647 1816 δύναμιν.
1178 1762 1203 1802 ιι

223 1933 237 1981 1
253 1928 304 1997 τήν
319 1926 506 1997 προκειμένην
520 1929 646 1994 θεωρίαν
661 1926 695 1981 V.
710 1959 743 1967 -
763 1932 778 1980 3
799 1922 988 1982 ἐπισκοποῦσα
1001 1926 1034 1981 V.
1050 1958 1084 1967 -
1099 1927 1163 1988 τοὺς

151 1994 372 2069 ἐντυγχάνοντας
386 1998 421 2051 L¹
439 2000 471 2052 ι’νι
489 2015 541 2067 quo
554 2000 662 2068 reliqua
677 1999 781 2054 ἀκεννιί.
797 2029 831 2037 -
850 2003 866 2051 5
885 1998 956 2067 ότιέρ
975 2000 1038 2052 λίαν
1052 1996 1112 2052 HV.
1127 2028 1163 2037 -

149 2076 167 2125 8
185 2070 235 2125 καὶ
253 2074 331 2138 παρὰ
349 2068 416 2124 0¹V.
436 2100 470 2110 -
491 2076 523 2125 11
543 2070 592 2124 καὶ
610 2077 675 2125 ante
692 2068 815 2137 ἀρρήτου
829 2086 879 2125 ονε.
895 2067 929 2123 Ν.
950 2101 983 2110 -
1009 2074 1042 2122 12
1065 2088 1095 2123 τε
1113 2068 1163 2123 καί

150 2139 299 2213 θεηγόρων
317 2141 365 2195 καλ
379 2140 413 2195 N.
429 2172 463 2181 -
485 2145 516 2194 15
535 2139 694 2211 ποιήσωμαι
712 2139 780 2195 (λῬ.

223 2325 256 2373 15
275 2318 298 2372 P
316 2319 408 2375 addit:
430 2314 581 2373 ἐκδυσωπῶ
601 2318 631 2373 ὃέ
650 2318 720 2387 πρὸς
738 2317 846 2379 τοότυις
864 2317 1019 2384 καὶτοῦτο,
1038 2316 1075 2386 μή
1095 2316 1163 2385 ἀψι-

144 2387 240 2459 ·κόρως
257 2388 331 2461 ἐχειν
345 2407 384 2459 σε,
404 2389 532 2462 βέλτιστε,
551 2390 616 2456 περὶ
629 2389 681 2458 τὴν
696 2388 854 2459 ἀνάγνωσιν
873 2396 921 2458 τῆς
934 2386 1097 2451 ὑποθέσεως
1114 2388 1164 2442 καὶ

150 2461 286 2516 σόνθεσιν
303 2460 373 2533 (καὶ
387 2462 451 2517 add,
471 2460 616 2535 myrin.)
634 2461 684 2515 τὸν
702 2469 757 2515 τῶν
776 2458 858 2531 ίερῶν
881 2457 981 2529 λογίων
999 2458 1163 2529 κατάλογον,

149 2528 189 2588 ὧν
214 2534 334 2605 ἀκριβῶς
363 2532 412 2587 καλ
434 2541 574 2603 νουνεχῶς
596 2530 627 2587 εά
651 2531 726 2602 μάλα
753 2532 783 2586 τὸ
812 2531 903 2604 βάθος
929 2531 978 2585 καλ
1006 2532 1163 2600 δύσληπτον

150 2599 303 2671 ἐρευνήσας
326 2600 357 2657 εό
381 2598 438 2659 οἶδ’
464 2603 505 2658 ότι
528 2600 659 2673 μεγίστην
683 2602 781 2672 όνησιν
804 2602 895 2671 εὕροις
917 2601 1029 2665 πάντως
1053 2602 1164 2665 πάντως

150 2676 195 2744 (ef.
212 2673 306 2745 Cyril]¹
321 2674 400 2729 Alex.
419 2674 450 2728 in
467 2674 571 2730 Julian.
595 2674 615 2728 I.
635 2673 731 2745 Migne
749 2673 826 2728 Tom.
843 2679 886 2741 ⁷6,
900 2678 952 2728 {118
962 2674 1002 2745 B).
