2617 3909
176 195 219 259 26
486 197 672 249 ΓΕΩΡΓΙΟΤ
690 197 874 249 ΜΟΝΑΧΟΤ

174 343 266 406 αὑτὸν
285 346 459 427 Στρατήχιν.
500 343 639 408 κάκεῖθεν
662 343 778 426 ἀπάρας
801 343 900 426 ὀλίγον
922 344 972 406 καί
995 344 1191 428 ἀντιπεράσας
1303 427 1304 446 ἢ

174 441 224 503 καὶ
251 449 291 528 τῷ
309 448 369 528 λαῷ
388 442 480 505 αὑτοῦ
504 443 657 522 διανείμας
683 443 792 523 χρυσὸν
819 443 914 504 πολὺν
941 442 991 504 καί
1018 441 1069 504 τὸν
1097 444 1190 506 τόπον

174 542 365 622 Χρυσόπολιν
388 540 573 620 ἐπονομάσας
596 540 732 622 ὥρμησεν
755 539 796 614 ὡς
818 542 961 622 πάρδαλις
984 541 1055 620 μετὰ
1077 545 1190 621 πολλῆς

175 639 328 718 δυνάμεως
350 637 399 700 ἐπί
421 638 473 711 τάς
495 649 548 719 τής
570 637 716 718 ἀνατολῆς
737 640 834 721 χώρας
856 638 906 700 καὶ
928 639 1037 718 πόλεις,
1060 638 1110 700 καί
1133 640 1189 718 τήν

149 756 160 796 ι
178 736 274 816 Τύρον
293 735 472 819 παραλαβὼν
490 736 624 817 πρέσβεις
641 735 789 799 ἀπέστειλε
809 736 884 819 πρὸς
899 732 1070 811 Ἰουδαίους
1087 736 1189 799 αίτοὺ-

175 856 263 913 μενος
292 834 367 894 κατὰ
394 839 519 916 Περσῶν
549 836 725 915 συμμαχίαν.
772 836 805 896 οί
829 832 861 895 δὲ
894 835 933 915 μή
961 835 1190 915 καταδεξάμενοι
1299 839 1306 876 ·’

173 936 302 1013 Δαρεῖον
325 932 487 1006 δεδοικότες
510 931 550 1005 ὡς
571 932 735 1013 ὑποχείριοι
759 932 809 994 καί
832 933 988 1011 συνθήκας
1010 932 1124 1013 ἔχοντες
1147 934 1188 1012 μή
1306 967 1307 974 1

174 1034 312 1110 πολεμεῖν
342 1031 432 1114 αὐτῷ,
464 1028 622 1110 θυμωθείς
648 1024 838 1113 Ἀλέξανδρος
869 1027 952 1116 ἐπῄει
984 1039 1018 1115 τῇ
1048 1024 1187 1114 Ἰουδαίᾳ.

174 1127 191 1191 δ
215 1125 246 1189 δὲ
269 1126 418 1212 ἀρχιερεὺς
439 1122 571 1202 Ἰαδδοῦς
597 1129 652 1208 τήν
680 1128 828 1209 ἱερατικὴν
855 1128 968 1209 ἐσθῆτα
994 1127 1189 1210 περιθέμενος
1307 1165 1308 1170 1

135 1244 161 1285 ιο
173 1224 248 1287 κατὰ
265 1227 354 1288 θείαν
371 1225 564 1303 ἀποκάλυψιν
581 1226 656 1307 πρὸς
673 1227 812 1306 ἔκπληξιν
830 1225 880 1287 καί
898 1227 1039 1288 πίστωσιν
1055 1221 1188 1299 Ἀλεξάν-

174 1326 247 1405 δρου
270 1324 394 1404 ἐξῆλθεν
416 1325 459 1398 εἰς
481 1323 646 1404 ἀπάντησιν
669 1325 770 1386 αὐτοῦ.

232 1411 293 1483 Ἦν
319 1421 375 1504 γάρ
403 1419 419 1482 ὑ
446 1421 595 1503 ἀρχιερεὺς
626 1421 674 1484 ἐπὶ
705 1432 758 1484 τοῦ
790 1427 918 1484 παλαιοῦ
949 1421 1069 1505 τοιαύτη
1098 1427 1186 1506 στολῇ

172 1520 383 1599 κοσμούμενος.
424 1520 543 1599 ποδήρη
570 1517 624 1599 μὲν
646 1519 842 1599 ἠμφιέννυτο,
865 1513 944 1582 τοῦτ’
968 1519 1046 1582 ἔστιν
1070 1519 1186 1598 ίμάτιον

172 1615 460 1699 περικεχρυσωμένον
478 1615 537 1678 ἀπὸ
553 1622 685 1696 κεφαλῆς
704 1616 785 1699 μέχρι
803 1618 915 1697 ποδῶν,
933 1617 983 1678 καὶ
997 1617 1075 1702 ζώνη
1090 1638 1187 1698 περιε-

133 1734 158 1774 τι
173 1715 302 1788 ζώννυτο
325 1713 357 1775 ἐκ
379 1715 538 1795 πυρφόρος
560 1713 610 1775 καί
628 1715 742 1793 βάσσου
764 1713 815 1776 καί
832 1714 983 1776 ὑακίνθου
1007 1713 1056 1776 καὶ
1074 1725 1185 1797 χρυσοῦ

88 1823 158 1863 1⁹11·
174 1811 382 1896 πεποικιλμένη
403 1812 453 1873 καὶ
471 1811 803 1896 περικειωιλλωπισμένη.
844 1811 910 1893 περί
933 1811 965 1874 δὲ
983 1812 1019 1873 τὰ
1036 1813 1188 1893 κράσπεδα

170 1911 310 1991 ῥοΐσκους
336 1904 412 1991 είχεν
440 1909 641 1992 ἐρραμμένους
668 1909 717 1972 καὶ
744 1909 908 1990 άναμεταξὺ
936 1910 1034 1974 αὐτῶν
1059 1920 1195 1992 χρυσοῦς

171 2010 321 2082 κάδωνας.
361 2007 411 2070 καί
429 2008 582 2089 ἐποίησαν,
604 2010 660 2090 γάρ
680 2026 784 2088 φησιν,
805 2010 942 2070 κάτωθεν
961 2019 1014 2070 τοῦ
1033 2007 1187 2070 ὑποδάτου

171 2108 288 2188 λάματα
310 2105 351 2180 ὡς
371 2106 558 2186 ίξανθούσης
577 2107 649 2188 ῥοῦς
671 2106 700 2181 ἕξ
719 2106 870 2168 ὑακίνθου
888 2105 938 2168 καί
955 2107 1114 2189 πορφύρας
1136 2105 1187 2168 καί

131 2207 311 2271 εοκοκκίνον
334 2204 384 2266 καί
404 2205 518 2285 βύσσου
541 2203 754 2285 κεκλωσμένης,
776 2203 826 2266 καί
845 2204 1022 2283 ποιήσαντες
1043 2205 1187 2279 κώδωνας

167 2303 203 2364 -ἐκ
225 2305 348 2386 χρυσίου
371 2308 509 2384 καθαροῦ
531 2301 683 2382 ἐπέθηκαν
707 2303 816 2376 αὐτοὺς
843 2301 901 2363 ἀνά
928 2301 1017 2381 μέσον
1040 2312 1100 2363 τῶν
1122 2302 1186 2382 ῥοΐ-

171 2418 251 2462 σκων
278 2399 326 2463 ἐπὶ
352 2400 388 2461 τδι
412 2401 541 2480 λάματα,
556 2410 609 2462 τοῦ
635 2400 789 2462 ὑποδότου
816 2401 923 2486 κύκλῳ.
970 2398 1124 2462 ἕπενδάετο
1152 2397 1186 2462 δὲ

169 2497 220 2559 καί
247 2496 336 2560 ἀλλον
362 2508 471 2579 χιτῶνα
497 2497 530 2560 ἐκ
556 2499 671 2578 βύσσου
698 2497 748 2559 καί
771 2497 921 2559 ὑακίνθου
949 2497 998 2559 καὶ
1025 2498 1185 2580 πορφύρας

170 2594 220 2656 καί
243 2597 384 2656 κοκκίνου
407 2594 457 2656 καὶ
479 2605 590 2676 χρυσοῦ
612 2594 663 2656 καί
685 2597 835 2657 παντοίων
858 2595 1017 2676 χρωμάτων
1040 2615 1185 2677 περιωρα-

241 2743 327 2830 4411
347 2776 381 2842 cf.
396 2774 508 2844 Joseph.
519 2776 584 2829 Ant.
597 2775 706 2841 111311
716 2793 770 2846 sqq.
791 2807 825 2815 —
846 2781 878 2829 11
897 2775 931 2841 cf.
947 2774 1087 2844 chrysost.
1106 2776 1185 2844 apud

169 2847 298 2901 Λυκείου.
310 2845 365 2900 Sin.
378 2845 490 2911 (λάεσσί.
500 2851 535 2900 40
549 2846 645 2916 Migne
656 2846 686 2900 T.
697 2852 740 2914 89,
751 2852 802 2900 585
813 2844 841 2900 G.
856 2878 890 2885 -
907 2851 939 2899 18
953 2845 1039 2901 Exod.
1051 2852 1094 2914 36,
1105 2851 1183 2916 32sq.

241 3005 256 3053 1
281 2998 429 3069 στρατήχιν
453 2994 534 3068 (-ίγιν
552 2999 585 3066 Ρ)
603 2997 684 3052 DPV
692 2997 759 3052 Mal.
789 2996 944 3068 στρατήχην
963 2997 1074 3050 ABHR
1100 3014 1184 3065 στρα-

168 3070 266 3140 τήγιον
284 3069 340 3124 OF.
363 3102 398 3111 -
422 3076 437 3123 2
459 3070 511 3125 τὸν
535 3071 605 3125 λαὸν
628 3069 717 3123 ΒΗΡ.
739 3066 911 3139 -·χρυσίου
929 3066 963 3123 Ν.
988 3100 1022 3109 -
1051 3066 1183 3124 Βδάλί-

169 3143 290 3211 ξανδρος
311 3141 371 3195 ΑΝ.
396 3173 429 3182 -
458 3146 492 3195 10
516 3141 588 3209 πρὸς
613 3141 743 3210 ἔκπληξιν
766 3139 837 3205 άλεξ.
861 3140 911 3194 καί
933 3137 1066 3194 πίστωσιν
1089 3138 1124 3195 N.
1149 3171 1183 3180 -

170 3218 204 3266 14
222 3215 313 3283 ζώνην
326 3212 385 3267 RV.
401 3244 434 3252 —
455 3218 488 3266 18
506 3212 694 3269 ὑποκάτωθεν
707 3209 742 3264 Ν.
758 3243 792 3252 -
810 3211 953 3266 ὑποθότου
971 3210 1052 3266 BGP
1075 3211 1183 3266 ὑποδυ-

167 3292 218 3338 τοῦ
235 3283 296 3339 rell.
315 3286 379 3339 item
395 3303 420 3339 v.
435 3289 477 3339 22.
502 3318 536 3326 -
561 3290 594 3339 19
613 3285 650 3346 ὡς
668 3301 718 3339 ουτ,
738 3282 772 3336 N.
797 3314 831 3323 -—
856 3287 887 3336 21
908 3281 1049 3352 ἀναμέσον
1068 3282 1183 3352 (ωουλδ)

167 3354 295 3409 AFNPR
321 3355 378 3410 ἀνά
395 3355 485 3426 μέσων
504 3356 532 3411 C.
855 3380 863 3395 ·
1154 3385 1157 3394 ⁴

240 3511 254 3558 ‘1
274 3506 311 3569 ὡς
334 3506 362 3560 ολ
384 3508 465 3577 ὑποχ.
484 3507 507 3560 Ρ
527 3538 560 3546 -
585 3511 600 3559 9
620 3505 635 3560 ὑ
654 3503 687 3560 δέ
705 3524 736 3574 χε
759 3505 820 3574 άρχ.
840 3503 869 3556 Ρ.
890 3535 924 3543 -
949 3508 981 3556 16
1000 3503 1049 3558 καί
1071 3523 1182 3571 περικε-

168 3575 377 3650 καλλωπισμένη
396 3595 446 3633 om.
460 3578 490 3631 P.
511 3609 546 3622 --
565 3583 599 3632 24
617 3573 938 3645 περικεκαλλωπισμίνον
956 3573 986 3627 Ρ.
