2617 3909
171 208 213 272 εγ
480 208 667 260 rmprmr
685 208 868 260 Momor

169 355 220 419 ιιαλ
246 357 425 440 πατραλοίας
450 355 501 417 ιιαλ
528 354 609 437 έτερα
630 355 744 417 τούτων
771 354 827 418 οὐκ
851 355 989 418 ἐλάττονα
1010 355 1183 437 ἐγκλήματα.

170 451 233 518 ἀλλ’
249 456 305 518 ούιι
322 455 410 535 ἔστιν,
429 456 534 535 φησίν,
552 453 663 533 ἀληθῆ.
700 452 813 516 ούιιοῦν
831 452 902 516 οὐδὲ
919 453 952 516 τὸ
970 455 1043 516 ύειν.
1085 455 1113 517 εί
1129 455 1183 538 γὰρ

170 561 262 614 ταῦτα
284 551 368 636 δέχη,
395 551 516 614 ιιάιιεῖνά
539 569 571 614 σε
592 551 711 632 ἀνάγκη
734 549 890 633 δέξασθαι,
915 552 942 614 εί
963 551 996 614 δὲ
1018 551 1115 615 έκεῖνα
1138 554 1183 616 ἐπ’
1289 595 1290 598 =

170 651 295 732 βάλλεις,
317 648 368 712 καλ
389 659 480 712 ταῦτα
502 643 563 730 μετ’
584 649 714 712 ἐκείνων.
755 650 782 711 εί
804 647 836 711 δὲ
858 647 946 729 άφελς
968 649 1038 723 τούς
1059 650 1183 730 ποιητὰς

144 746 212 823 σῶς
241 747 460 831 πλαστολύγους
490 747 539 810 έπλ
569 747 622 821 τδις
651 745 829 828 ἀλληγορίας
861 747 998 828 δρόμοις,
1031 745 1125 810 ἐκεῖνό
1153 766 1183 810 σε

170 846 325 929 ἐρήσομαι·
352 848 383 908 τί
406 845 477 908 ποτέ
503 845 583 908 έστιν
610 843 739 921 δΖεύς;
767 841 788 924 ἡ
816 843 933 925 ζέουσα,
961 845 1071 926 φησίν,
1098 845 1184 908 οὐσία

170 943 221 1005 παλ
242 942 275 1005 τὸ
297 941 373 1024 ύπέρ
394 943 447 1006 τὸν
468 941 541 1025 ἀέρα
563 941 665 1025 μέρος,
688 939 705 1004 δ
727 941 778 1003 παλ
800 941 894 1024 αίθηρ
917 940 1027 1024 λέγεται
1049 942 1131 1025 παρά
1152 943 1184 1005 τὸ

171 1039 236 1116 ζέον
258 1040 309 1103 ιιαλ
329 1047 424 1103 ιιοιίον.
465 1041 578 1104 σύιιοδν
601 1039 657 1102 ούιι
674 1040 735 1102 ἔστι
755 1040 857 1123 λογική
876 1063 919 1114 τις
941 1039 992 1102 καί
1010 1041 1185 1123 διαιιριτιιιη,

169 1133 234 1201 ἀλλ’
255 1137 368 1221 ἄλογος.
410 1139 455 1201 ότι
476 1137 531 1221 γάρ
555 1136 575 1218 ἡ
595 1148 650 1200 τοῦ
668 1135 755 1220 ἀέρος
778 1138 869 1217 φύσις
891 1135 996 1219 άλογός
1014 1137 1074 1200 έστι
1096 1139 1187 1199 παντί
1291 1225 1292 1228 ¹

131 1259 232 1300 ωπον
255 1237 354 1318 δῆλον.
397 1237 425 1299 εί
440 1236 496 1319 γὰρ
515 1235 573 1318 ἀήρ
591 1236 670 1299 έστιν
692 1233 709 1297 δ
727 1237 814 1317 Ζεύς,
837 1234 853 1298 δ
873 1234 905 1298 δὲ
927 1234 985 1318 άηρ
1008 1234 1115 1317 άλογος
1136 1235 1186 1297 ιιαλ

171 1333 365 1416 ἀναίσθητος,
387 1333 551 1397 κάντεῦθεν
574 1332 709 1415 ὁμύθος
730 1333 883 1414 οἰχήσεται.
929 1331 1019 1415 δγδιρ
1037 1332 1096 1414 άήρ
1119 1331 1187 1395 ούτε

171 1433 268 1514 πατὴρ
290 1433 402 1515 έγένετό
422 1456 503 1508 τινος
525 1431 592 1495 ούτε
614 1431 681 1494 τινὰ
703 1432 798 1494 έτειιεν
820 1430 927 1493 ούσίαυ
948 1432 1016 1494 οἵαν
1037 1429 1187 1492 άναπλάτ-
1292 1477 1293 1502 ³

171 1548 274 1592 τουσιν
301 1532 333 1592 ολ
358 1530 523 1613 μυθολόγοι
549 1529 601 1592 ιιαλ
628 1529 836 1609 μυθοπλάσται
863 1527 915 1591 τὸν
941 1529 1041 1610 ἥλιον,
1073 1526 1110 1591 δν
1137 1529 1187 1590 ιιαλ

170 1623 341 1690 Ἀπόλλωνα
358 1632 483 1689 καλοῦσι
504 1626 555 1689 καί
572 1627 642 1690 υἱόν
660 1626 753 1689 αύτού
772 1625 907 1708 λέγουσιν
924 1621 1008 1690 εἶναι.
1046 1625 1114 1689 ούτε
1131 1627 1186 1709 γάρ
1293 1667 1294 1670 =

132 1746 159 1790 15
172 1725 257 1805 ἥλιος
279 1725 421 1806 λογισμόν
443 1725 501 1806 ἔχει
523 1723 590 1787 οὔτε
613 1725 750 1787 διάνοιαν
772 1724 823 1787 ιιαλ
844 1734 930 1805 νοῦν,
952 1723 1024 1786 ἀλλὰ
1046 1723 1097 1786 ιιαί
1115 1725 1187 1788 αύτδ

174 1821 304 1902 φυσιιιόν
322 1822 381 1885 έστι
399 1823 432 1886 τὸ
449 1823 537 1905 ἔργον
554 1821 702 1905 ἀγόμενον
723 1821 774 1884 ιιαλ
791 1824 1022 1904 περιφερόμενον
1040 1830 1079 1908 τῷ
1094 1822 1188 1910 νόμφ,

173 1909 296 2005 ᾧπαρδι
317 1920 374 2001 τὴν
395 1919 490 2004 ἀρχὴν
512 1920 612 1996 ἔταξεν
633 1919 715 2006 αύτῷ
738 1919 852 1996 δθεός.
893 1918 987 1994 άλλως
1010 1943 1038 1983 τε
1062 1918 1133 1983 ούδέ
1155 1921 1187 1983 τὸ
1294 1944 1295 1987 λ

172 2019 238 2082 ύειν
265 2028 319 2080 τοῦ
345 2017 468 2101 αἰθέρος
493 2019 586 2100 ἐστίν,
617 2017 692 2081 ἀλλὰ
718 2029 777 2081 τῶν
803 2024 936 2098 νεφελῶν
963 2018 1131 2100 δεχομένων·
1155 2021 1188 2083 τδ
1294 2049 1295 2098 5

173 2117 255 2198 ὕδωρ
277 2115 298 2196 ἣ
320 2116 380 2181 άπὸ
403 2127 456 2198 τῆς
477 2118 627 2197 θαλάττης
648 2114 811 2198 ἣάνωθεν
833 2127 891 2180 τῶν
913 2117 1052 2198 ναμάτων
1074 2117 1189 2179 τούτων

133 2237 160 2276 εο
173 2213 347 2298 φερομένων
368 2212 390 2296 ἣ
412 2225 472 2277 τῶν
493 2213 568 2298 ύπέρ
590 2225 650 2278 τῶν
673 2214 811 2298 οὐρανῶν
834 2214 965 2296 ὑδάτων,
989 2212 1029 2288 ὡς
1049 2211 1071 2294 ἡ
1095 2213 1190 2290 ’όντως

173 2312 300 2390 ἀλήθεια
332 2312 382 2375 διδι
414 2323 475 2376 τῶν
500 2315 595 2375 θείων
626 2322 790 2396 προφητῶν
822 2312 890 2393 ἔφη.
930 2311 980 2374 ιιαλ
1007 2312 1104 2395 ὥσπερ
1132 2306 1189 2376 ούν

173 2409 260 2490 ἡλίου
274 2411 445 2489 ,φαίνοντας
470 2409 665 2473 ἀπελαύνεται
691 2412 810 2492 σιιότος,
838 2411 915 2473 ούτω
942 2421 994 2490 τῆς
1016 2412 1102 2484 θείας
1125 2409 1189 2472 έπι-

174 2509 300 2587 φανείας
325 2506 488 2591 γενομένης
508 2505 685 2588 ἀπελήλαται
710 2518 763 2589 τῆς
785 2508 996 2588 είδωλομανίας
1018 2507 1051 2571 τὸ
1075 2509 1190 2588 σιιότος,

173 2603 224 2666 καί
250 2615 331 2666 πᾶσα
354 2602 376 2685 ἡ
398 2614 457 2667 τῶν
480 2604 656 2685 φιλοσόφων
678 2607 891 2688 πενθανολογία
917 2607 1012 2688 μωρία
1039 2605 1090 2668 κοιλ
1112 2611 1190 2685 φλυ-

135 2724 161 2764 εσ
174 2704 243 2784 αρία
266 2712 403 2784 φανερῶς
425 2702 603 2786 ἀπεδείχθη,
630 2703 734 2779 καθὼς
756 2703 922 2788 γέγραπται.
967 2702 1033 2786 περί
1056 2702 1109 2784 μέν
1132 2702 1190 2785 γὰρ

174 2810 226 2881 τῆς
248 2810 307 2861 τῶν
330 2800 460 2862 εἰδώλων
482 2799 578 2884 άρδην
601 2802 797 2876 καταλύσεως·
825 2801 875 2864 καί
898 2802 991 2883 έσται,
1019 2803 1128 2883 φησίν,
1155 2801 1190 2864 έν

245 2953 279 3001 26
298 2945 412 3000 Ζοολιωε.
429 2951 471 3014 18,
486 2952 510 3000 2.

247 3060 262 3106 1
281 3052 383 3108 ἐλάττω
397 3052 423 3107 V
437 3053 551 3108 ἔλαττον
565 3054 620 3107 FR.
636 3086 670 3094 —
689 3059 705 3108 5
720 3053 828 3123 δράμης
839 3053 896 3106 HR
910 3051 1102 3123 δράμειςΜΨ
1118 3051 1190 3106 άνα-

173 3123 283 3195 δράμης
296 3122 327 3178 G.
343 3155 377 3166 -
397 3129 414 3179 8
432 3124 501 3190 ζέων
519 3125 568 3178 ιιαλ
586 3122 675 3180 ναίων
689 3125 741 3179 ΑΒ,
759 3123 829 3191 ζέειν
848 3125 897 3178 ιιυιλ
909 3121 1002 3178 ναίειν
1016 3121 1049 3178 V.
1065 3153 1098 3164 -
1119 3129 1152 3176 15
1173 3121 1189 3176 δ

174 3193 251 3264 ἥλιος
267 3195 329 3249 BR.
349 3227 383 3236 -
404 3200 437 3250 17
455 3214 485 3250 τε
503 3194 535 3250 δέ
554 3195 621 3251 υδδδ
633 3195 691 3250 FN.
712 3227 745 3237 -
770 3202 803 3252 18
822 3204 917 3266 νεφῶν
935 3194 1007 3248 Nw,
1027 3226 1060 3235 -
1081 3199 1114 3247 19
1132 3197 1192 3247 θα-

174 3265 276 3336 λάσσης
289 3266 385 3321 BFW.
400 3297 434 3307 -
454 3271 488 3320 20
502 3266 572 3335 ὑπὲρ
586 3267 636 3321 τὸν
650 3268 773 3336 ούρανδν
786 3267 860 3322 FRV
873 3263 937 3322 etG
954 3267 1001 3322 sed
1014 3264 1102 3321 va
1118 3281 1190 3320 corr.

174 3353 209 3391 ευ
221 3343 323 3392 ὅῦνῶν.
339 3369 372 3378 -
388 3343 420 3392 21
435 3335 525 3393 θείων
539 3355 588 3393 om.
604 3338 663 3393 AV.
678 3371 713 3380 -
729 3340 779 3394 ιιαλ
792 3355 842 3393 om.
858 3338 909 3391 FL.
926 3369 959 3378 -
979 3332 1029 3392 οὖν
1042 3353 1093 3392 σοι.
1108 3335 1141 3389 V.
1154 3367 1191 3376 -

176 3412 210 3459 22
229 3407 260 3462 τδ
280 3407 378 3472 σκότος
395 3408 477 3462 BFL.
497 3440 530 3449 —
551 3415 585 3463 24
603 3412 795 3481 πιθανολογία
813 3409 898 3463 CFW
916 3416 942 3464 et
959 3408 981 3462 L
1000 3409 1039 3464 λιλ.
1059 3424 1092 3464 επ
1110 3410 1191 3461 πευθ.

248 3518 264 3566 6
283 3511 354 3568 εἰσίν
372 3513 403 3568 Ρ,
422 3545 456 3556 —-
482 3521 516 3569 13
534 3515 690 3587 μυθολόγοι
708 3517 757 3571 ιιαλ
775 3532 825 3571 om.
845 3515 875 3569 P.
896 3547 929 3556 -
954 3521 988 3570 24
1007 3517 1192 3584 πενθαυολογ.

175 3584 241 3652 περὶ
259 3584 361 3654 ταύτης
378 3583 469 3655 μωρία
487 3586 517 3639 Ρ.
537 3618 570 3628 -
591 3593 624 3642 25
644 3589 785 3660 φανερῶς]
804 3595 901 3656 σαφῶς
918 3586 948 3640 P.
