2617 3909
534 238 724 290 XPONIKON
1067 235 1130 300 331

116 387 179 464 μος
204 386 298 459 ούτως
329 385 372 458 είς
403 384 455 446 τόν
484 385 564 467 ἱερὸν
593 385 697 464 όμιλον
724 385 892 467 ἐγκρίνεται.
939 384 989 446 καί
1015 387 1073 466 πρό
1100 409 1132 466 γε

112 483 238 545 πάντων
260 483 368 564 ὅρκους
391 484 549 564 φρικώδεις
571 482 759 564 ἀπαιτοῦσιν,
784 493 901 565 πρῶτον
925 482 979 563 μὲν
1002 482 1133 563 εὐσεβεῖν

17 590 18 593 ’
114 578 167 641 καί
189 579 368 660 θεραπεύειν
390 580 420 654 ἐξ
439 580 509 661 ὅλης
531 581 581 642 καί
604 587 740 661 καθαρᾶς
759 591 859 662 ψυχῆς
877 581 927 643 καί
946 583 1079 662 σώματος
1100 582 1132 644 τὸ

116 685 213 757 θεῖον,
236 679 335 740 ἔπειτα
357 676 389 740 δὲ
412 678 486 758 πρὸς
508 678 691 760 ἀνθρώπους
714 679 813 740 δίκαια
837 681 995 758 φυλάττειν
1017 680 1133 741 ἅπαντα

115 776 168 837 καὶ
198 775 454 858 ἀπροσοοπόληπτα
484 775 534 837 καί
564 777 636 856 μήτε
663 776 736 838 κατά
763 777 886 858 γνώμην
914 778 1029 860 βλάψαι
1055 777 1132 857 τινά,
1160 797 1172 838 σ

116 874 189 952 μήτε
221 873 281 953 μὴν
312 880 525 956 συγκοινωνεῖν
556 873 687 954 ἀδίκοις,
719 873 791 936 ἀλλά
822 874 896 936 κατὰ
923 876 1053 955 δύναμιν
1079 884 1132 937 τοῦ

116 973 236 1034 δικαίου
259 973 426 1052 φροντίζειν
448 971 498 1033 καὶ
520 972 677 1053 βιάζεσθαι
699 973 823 1034 πάντοτε
846 972 897 1034 καλ
917 973 969 1035 τόν
987 973 1132 1052 ἕνηδονον
1200 1019 1203 1028 ,

115 1069 167 1131 καί
188 1069 324 1150 περιττὸν
346 1069 396 1130 καί
418 1068 510 1150 ύγρὸν
533 1067 774 1151 ἀποστρέφεσθαι
796 1073 864 1152 βίον
887 1069 970 1154 μέχρι
987 1071 1131 1133 θανάτου.

115 1166 190 1246 πρός
217 1165 250 1228 δὲ
281 1167 396 1240 τούτοις
424 1164 570 1246 ὀμνύουσι
600 1167 690 1229 πάλιν
718 1167 823 1249 μηδενί
851 1167 905 1248 μὲν
932 1170 963 1232 ιδ
991 1170 1132 1250 παράπαν

117 1265 294 1343 μεταδοῦναι
316 1274 375 1325 τῶν
398 1265 553 1346 δογμάτων
575 1264 625 1326 καὶ
647 1274 707 1326 τῶν
730 1264 917 1348 ἆγιοπρεπῶν
937 1267 1050 1328 τούτων
1068 1266 1131 1327 ίπι-
1145 1286 1171 1327 το

115 1363 316 1442 κηδευμάτων,
346 1360 367 1442 ἢ
390 1361 431 1436 ὡς
453 1362 542 1436 αύτός
564 1361 695 1445 ἀκριβῶς
717 1363 891 1445 παρέλαβεν,
914 1362 1078 1443 ἀφίξεσθαι
1100 1360 1132 1425 δὲ

115 1460 214 1539 πάσης
240 1460 375 1533 ἐναντίας
403 1461 492 1539 δόξης
518 1458 569 1522 καί
596 1462 729 1542 λατρείας
754 1460 804 1522 καί
826 1462 917 1545 ταύτη
942 1462 1019 1546 μόνη
1042 1478 1133 1542 προσ-

116 1555 231 1638 ανέχειν
262 1567 297 1642 τῇ
325 1559 396 1642 θείᾳ
426 1557 524 1639 με’γρις
554 1559 676 1638 αἵματος
703 1561 849 1644 θρησκείᾳ
876 1558 927 1621 καί
953 1560 1132 1620 καταστάσει.

115 1657 243 1736 τοσαύτη
271 1655 303 1717 δέ
330 1653 451 1735 ἐστινὴ
479 1655 546 1738 περί
573 1656 628 1736 την
652 1657 768 1717 δίαιταν
790 1656 905 1737 λιτότης
927 1656 977 1718 καί
999 1654 1133 1738 ὀλιγότης

113 1762 175 1814 τῶν
203 1759 386 1831 θαυμαστῶν
411 1752 530 1835 ἀνδρῶν
558 1754 693 1835 ἐκείνων,
722 1752 762 1829 ὡς
790 1755 843 1840 όλη
866 1763 902 1840 τῇ
925 1755 1068 1835 ἕβδομάδι
1091 1755 1131 1835 μὴ
1147 1774 1172 1815 ιτ

116 1852 234 1912 δεῖσθαι
266 1852 423 1926 κενώσεως.
473 1851 504 1927 ἐξ
535 1844 572 1930 ἧς
603 1851 754 1931 ἀσκήσεως
783 1853 930 1932 τοσαύτην
957 1853 1133 1932 πεποίηνται

115 1948 253 2031 σφοδρὰν
285 1950 341 2029 την
372 1952 541 2032 καρτερίαν,
573 1950 646 2012 ὥστε
678 1950 728 2012 καί
759 1957 928 2032 ποηφαγεῖν
957 1949 1056 2032 ὀλίγον
1083 1949 1133 2011 καλ

115 2045 210 2125 μόνον
240 2045 402 2129 ἀρκοῦνται
432 2047 581 2121 πολλάκις.
631 2046 795 2108 κάντεῦθεν
825 2048 944 2122 εἰκότως
970 2047 1003 2109 ἐν
1030 2047 1131 2120 αὐτοῖς
1145 2061 1184 2101 246
1198 2059 1231 2098 M-

115 2144 218 2206 πολλοὶ
249 2144 300 2206 καί
331 2146 367 2206 τὰ
394 2145 534 2225 μέλλοντα
564 2145 778 2227 προγινώσκειν
805 2144 838 2206 ἐκ
865 2147 951 2219 θείας
977 2145 1132 2217 ἐπιπνοίας

114 2240 166 2303 καὶ
193 2242 308 2323 χάριτος
334 2242 385 2304 καί
411 2242 639 2304 ἀκαταπαύσιου
667 2241 786 2321 μελέτης
813 2253 977 2324 προφητῶν
999 2241 1049 2303 καί
1071 2247 1131 2303 λοι-
1146 2263 1172 2304 εο

115 2349 182 2400 πῶν
205 2341 294 2421 ἱερῶν
315 2342 424 2421 λογίων
446 2340 497 2402 καί
519 2349 684 2421 προσευχῆς
707 2339 1029 2422 ἐμπαιδοτριβούμενοι.

186 2439 304 2516 Ταύτην
330 2431 387 2500 ούν
412 2433 555 2518 Ἰώσηπος
582 2436 679 2519 ἀκροτς
706 2436 837 2517 ἀσκήσας
868 2439 924 2518 τὴν
951 2438 1132 2517 φιλοσοφίαν

115 2534 164 2597 ἐπὶ
186 2536 286 2615 μειζόν
308 2560 336 2597 τι
358 2538 536 2619 προκόπτειν
557 2536 705 2598 ἔσπευσεν.
747 2534 877 2610 ἀκούσας
900 2535 955 2618 γάρ
978 2558 1044 2596 τινα
1067 2536 1131 2597 δια-

116 2633 267 2714 φερόντως
294 2633 444 2696 ἀσκοῦντα
470 2634 544 2695 κατδι
571 2635 626 2714 τὴν
648 2634 760 2715 ἔρημον
780 2627 891 2715 ’Λββᾶν
914 2631 1132 2713 ὀνομαζόμενον

115 2731 221 2810 ἐσθῆτι
240 2729 294 2811 μὲν
312 2731 371 2795 ἀπὸ
390 2731 522 2813 δένδρων
540 2732 772 2811 καλυπτόμενον,
792 2741 889 2817 τροφῇ
909 2730 942 2794 δὲ
960 2731 1130 2811 αὐτομάτως
1145 2752 1171 2793 ετ

190 2927 296 2991 22-μ,
311 2927 373 2989 332,
387 2927 404 2974 4
423 2921 535 2991 ίοεορλι.
550 2921 619 2975 Vita
636 2937 677 2990 ομ.
695 2926 720 2988 2,
737 2926 777 2974 11.

188 3095 202 3143 1
223 3085 305 3154 οὗτος
322 3090 377 3145 CV.
396 3123 432 3131 —
451 3096 467 3144 δ
485 3090 517 3145 τό
536 3089 608 3144 κατὰ
626 3089 748 3159 δύναμιν
766 3087 801 3142 Ν.
816 3121 850 3130 -
870 3094 885 3141 7
905 3089 953 3143 καλ
972 3086 1131 3158 φροντίζειν

114 3161 196 3215 codd.
211 3169 322 3232 praeter
343 3161 434 3216 BNP.
458 3193 491 3202 —
517 3160 653 3231 θόμνυσι
671 3160 724 3214 DP
752 3159 852 3230 όμνησι
870 3160 906 3214 Μ.
932 3192 965 3201 -
995 3166 1027 3214 12
1046 3177 1131 3227 προσ-

116 3231 190 3304 έχειν
208 3232 242 3286 N.
258 3265 293 3274 -
313 3239 353 3287 15.
366 3237 399 3287 16
418 3231 488 3302 μηδὲ
506 3234 621 3287 δεῖσθαι
639 3231 674 3286 N.
690 3264 723 3272 -
744 3237 776 3285 1'1
796 3231 847 3301 τὴν
861 3248 911 3286 om.
927 3231 961 3284 N.
977 3263 1010 3272 -
1031 3235 1064 3284 18
1081 3231 1131 3298 ἀρ-

114 3303 269 3366 κοῦντεςΟ
292 3305 444 3374 ἀρκεῖσθαι
461 3304 492 3358 F.
513 3336 546 3344 -
570 3308 612 3357 20.
624 3309 657 3357 21
677 3310 829 3372 προφητῶν
847 3322 876 3357 τε
895 3300 963 3374 λέγω
983 3302 1031 3356 καὶ
1049 3301 1132 3368 ἱερῶν

115 3377 137 3427 λ.
153 3373 187 3428 Ν.
212 3407 245 3415 -
270 3381 304 3428 22
323 3375 338 3430 ό
359 3376 481 3446 ίώσηπος
498 3375 556 3428 FN.
580 3407 613 3415 —
638 3381 673 3428 24
691 3373 763 3428 κατὰ
782 3390 832 3429 om.
852 3373 886 3426 N.
910 3406 944 3413 -
969 3373 1061 3446 άββάν
1080 3372 1132 3428 ΟΝ

115 3446 209 3518 ἀμβᾶν
227 3446 253 3500 R
271 3446 412 3516 (Βάννουν
429 3447 506 3516 Jos.).
526 3478 561 3487 -
581 3451 614 3500 25
633 3443 780 3514 αύτομάτω
800 3445 827 3498 Ν
849 3443 985 3515 αύτόματι
1003 3445 1032 3500 Ρ.

189 3621 205 3669 8
224 3614 355 3684 περιττόν
372 3635 402 3670 τε
420 3616 469 3669 καί
487 3614 574 3686 ὑγρὸν
593 3615 623 3668 Ρ.
642 3645 678 3656 -
698 3619 730 3669 17
751 3612 862 3684 σφόδρα
881 3613 910 3669 Ρ.
