2617 3909
536 226 726 279 XPONIKON
828 175 837 186 ’
1068 227 1134 291 227

188 371 323 446 Εἰκότως
345 364 401 433 οὖν
424 371 494 446 τοὺς
511 371 686 454 ἀγαπῶντας
706 371 785 454 ὴμῦς
802 374 944 458 ἀγγέλους
961 377 1136 458 γεραίρομεν

121 468 161 544 ὡς
184 467 258 550 ύπὲρ
282 466 368 549 ὴμῶν
390 476 428 554 τῷ
449 471 576 554 δεσπότῃ
599 472 822 553 πρεσβεύοντας.
858 471 908 536 καί
931 473 987 555 γὰρ
1005 479 1135 555 λειτουρ-

121 567 190 650 γικδι
213 569 366 649 πνεύματά
389 569 446 631 είσι
468 569 542 633 κατὰ
564 568 616 630 τὸν
639 567 804 632 ἀπόστολον
826 571 868 644 είς
886 571 1042 632 διακονίαν
1059 569 1135 634 ἀπο-

29 673 31 678 ’
120 667 294 745 στελλόμενα
322 667 372 728 διὰ
394 668 464 742 τούς
491 666 648 747 μέλλοντας
675 672 869 750 κληρονομεῖν
892 670 1052 750 σωτηρίαν,
1080 667 1134 742 οῦς

120 763 172 825 καλ
194 763 395 845 ύπερμαχοῦσι
418 764 468 827 καλ
491 774 706 846 συμμαχοῦσιν,
729 765 832 839 καθὼς
850 765 901 827 καλ
918 765 1024 849 ἀρτίως
1041 764 1133 845 ὴκου-
1161 788 1176 828 ε

120 880 174 936 σας
197 871 250 923 τοῦ
272 862 403 942 Δανιὴλ,
430 873 494 936 πῶς
521 863 649 945 εἰσφέρει
672 863 724 925 τὸν
747 862 924 945 ἀρχάγγελον
947 866 1071 946 Μιχαὴλ
1093 872 1133 950 τῷ

120 965 246 1041 Περσῶν
269 959 368 1044 ἐφόρφ
391 961 671 1040 διαπληκτιζόμενον
689 959 764 1043 ὑπέρ
782 971 835 1041 τὴς
853 959 939 1042 ὴμῶν
956 963 1133 1044 ἐλευθερίας.
1220 1008 1226 1022 .

121 1056 138 1119 δ
162 1055 215 1138 μέν
238 1057 294 1139 γδιρ
316 1057 367 1119 τὸν
390 1057 463 1119 λαὸν
485 1059 637 1121 δουλεύειν
660 1066 721 1133 τοῖς
744 1059 874 1142 Πέρσαις
895 1059 1069 1143 ὴνάγκαζεν,
1093 1059 1134 1134 ὡς

119 1157 242 1238 εἴρηται,
266 1153 282 1217 δ
306 1153 338 1228 δὲ
360 1160 447 1217 λῦσαι
470 1165 523 1236 τὴς
545 1157 743 1238 αἰχμαλωσίας
765 1158 952 1232 ἐσπούδαζεν.
991 1158 1042 1220 καλ
1063 1161 1133 1243 νικᾷ

120 1253 247 1334 Μιχαὴλ
268 1253 321 1316 τδν
343 1251 520 1333 ἀντίπαλον,
546 1254 596 1316 καλ
621 1253 673 1316 τὸν
695 1255 863 1337 Εύφράτην
883 1250 1023 1318 Ἰουδαῖοι
1045 1257 1133 1337 περά-
1148 1277 1176 1318 ιο

120 1368 224 1424 σαντες
246 1351 301 1430 τὴν
323 1349 460 1436 πατρῴαν
488 1352 577 1413 πάλιν
604 1351 703 1414 ἕστίαν
725 1351 875 1434 ἀπέλαβον
896 1352 946 1414 καί
969 1354 1024 1433 τὴν
1046 1354 1133 1416 πόλιν

119 1449 168 1511 καλ
191 1450 242 1512 τὸν
265 1449 340 1512 ναὸν
363 1445 566 1534 ᾠκοδόμησαν.

183 1540 307 1627 Ὁμοίως
336 1545 367 1608 δέ
394 1547 444 1609 καλ
467 1546 483 1610 δ
507 1546 596 1630 μέγας
616 1544 794 1626 ’Μτιφάνιος
821 1549 892 1628 ἔφη·
916 1547 1027 1634 έκάστφ
1050 1548 1134 1610 ἔθνει

119 1643 242 1727 άγγελον
261 1645 418 1723 ἐφεστάναι
437 1645 531 1724 φησίν
549 1643 569 1724 ὴ
587 1646 698 1728 γραφὴ.
740 1643 830 1729 δγδιρ
849 1653 890 1730 τῷ
908 1646 1024 1725 Δανιὴλ
1041 1665 1132 1728 προσ-

119 1743 325 1824 διαλεγόμενος
343 1740 527 1824 άγγελοςκαλ
540 1741 666 1825 άρχοντα
680 1748 804 1825 Περσῶν
823 1745 920 1825 εἴρηκε
938 1743 988 1805 καὶ
1006 1741 1132 1826 άρχονια
1146 1767 1174 1807 15

113 1837 267 1920 Ἑλλήνων
280 1839 330 1901 καλ
343 1841 395 1903 τὸν
409 1840 533 1922 Μιχαὴλ
547 1839 673 1923 άρχοντα
685 1851 745 1902 τῶν
756 1837 917 1903 Ἰουδαίων.
947 1840 1022 1923 λέγει
1036 1839 1068 1903 δὲ
1082 1842 1132 1904 καλ

119 1943 269 2019 Μωῦσὴς·
294 1938 412 2018 ἔστησεν
436 1939 502 2019 όρια
525 1938 624 2000 ἐθνῶν
646 1939 721 2001 κατὰ
743 1938 875 2021 ἀριθμὸν
893 1937 1024 2020 ἀγγέλων
1047 1945 1132 2001 θεοῦ.

119 2036 167 2098 διὸ
190 2033 240 2098 καλ
261 2031 401 2115 Ἰωάννης
424 2036 456 2098 έν
478 2045 513 2120 τῇ
537 2036 725 2114 ἀποκαλύψει
748 2036 868 2113 φάσκει·
894 2041 985 2097 λῦσον
1008 2036 1078 2109 τούς
1101 2033 1132 2097 δ’

117 2133 260 2216 ἀγγέλους
286 2133 356 2208 τούς
386 2133 434 2196 έπλ
460 2143 520 2195 τοῦ·
540 2133 722 2215 Εὐφράτου,
753 2131 967 2212 ἐφισταμένους
995 2133 1132 2212 δηλονότι

118 2231 170 2293 καλ
192 2231 384 2312 ίπεχομένους
407 2230 569 2313 ἐπιτρέπειν
592 2232 711 2293 ἔθνεσιν
734 2232 776 2305 είς
798 2231 926 2310 πόλεμον
949 2229 1004 2304 ἕως
1025 2239 1131 2312 καιροῦ
1145 2254 1174 2294 εο

119 2331 329 2410 μακροθυμίας
351 2330 468 2411 κυρίου,
491 2328 540 2390 καλ
563 2330 720 2411 προστάξει
742 2323 782 2391 δι’
808 2328 907 2390 αύτῶν
932 2327 1064 2390 ἐκδικίαν
1085 2327 1131 2410 γίέ

118 2433 227 2488 νεσθαι
249 2436 307 2487 τῶν
330 2424 423 2508 άγίων
446 2426 547 2488 αὐτοῦ.
587 2436 764 2508 κρατοῦνται
785 2426 841 2508 γδιρ
865 2427 897 2488 οἱ
916 2425 1132 2511 ἐπιτεταγμένοι

117 2523 235 2607 άγγελοι
267 2525 327 2586 ύπδ
356 2534 408 2586 τοῦ
436 2525 602 2604 πνεύματος
630 2526 670 2605 μὴ
699 2525 812 2605 ἔχοντες
838 2525 943 2604 καιρὸν
971 2523 1133 2606 ἐπιδρομῆς

191 2706 309 2760 2Hebr
331 2712 358 2773 1
379 2704 1020 2775 14.-13-p.228,5Epiphan.Panar
1039 2705 1132 2772 11‚³4

117 2777 215 2847 M1gne
224 2777 302 2832 Tom
313 2783 356 2845 41,
367 2778 460 2830 9.59Α
481 2794 514 2832 επ
527 2776 624 2831 Anast
641 2775 697 2830 Sin.
713 2776 825 2842 Quaest
837 2782 870 2830 57
889 2776 985 2846 Migne
999 2777 1076 2830 'Pom
1088 2782 1133 2844 89

117 2848 213 2902 6211).
241 2850 328 2903 οεάυ
346 2854 449 2901 13-17
469 2849 595 2902 αάυιίωτο
566 2855 646 2902 teoe
660 2847 854 2902 Theodoret.
845 2866 876 2901 1n
895 2847 961 2902 Gen.
982 2847 1094 2912 Quaest
1114 2854 1132 2900 9

117 2920 215 2989 Migne
232 2919 310 2974 Tom
325 2925 368 2988 80,
383 2919 507 2973 8113.-
528 2925 560 2972 17
579 2920 662 2974 Deut.
678 2925 720 2987 99,
735 2924 808 2972 8.—
829 2925 861 2973 18
880 2919 996 2988 Apocal.
1012 2924 1037 2986 9,
1053 2924 1094 2972 14.

191 3076 396 3150 1γεραίρωμεν
415 3078 494 3133 GNV
504 3077 585 3133 Coisl.
601 3084 697 3132 28.-
717 3074 796 3140 4ολς
814 3077 1027 3132 ΟΡΙΛΝΒΝμ-
1048 3078 1132 3131 ὅκαλ
1184 3082 1189 3090 “

116 3159 292 3276 συμμαχοῦσι
306 3149 502 3276 ονκοίΕὴΡΒε-
523 3156 546 3276 (Ξ.
559 3155 573 3202 ‘1
575 3171 630 3275 ιχω
639 3159 696 3274 τωφ
708 3158 818 3274 πρρσῶν
831 3148 883 3202 AR
900 3148 1129 3274 vfflvgiqofflv}

115 3224 354 3348 Ξέθάἷείάἀλε
368 3220 765 3362 μωῦσὴςῙδκισίλΗνΑόύόεδν-
784 3226 876 3360 μωσὴθς
888 3229 952 3343 Ιτῐῶλδ.
968 3239 1130 3344 -ηὲδύπδ

114 3374 167 3420 τοῦ
187 3361 271 3419 θείου
289 3364 447 3433 πνεύματος
464 3364 544 3418 codd.
554 3371 666 3434 praeter
683 3361 851 3434 APOEpiph.
862 3360 978 3431 Anast).

188 3540 205 3587 4
229 3512 380 3605 σωτηρίαν]
404 3529 546 3605 βασιλείαν
570 3533 592 3586 Ρ
613 3550 647 3586 m.
667 3535 688 3587 2
710 3540 743 3587 κδ
763 3532 854 3586 vid.
841 3549 874 3585 ικ
897 3532 936 3586 lit.
955 3562 991 3572 —
1015 3536 1047 3584 18
1069 3529 1130 3585 τέσ-

113 3624 211 3674 σαρεις
228 3605 257 3659 P.

916 3692 969 3744 16*
995 3739 999 3747 .
