2617 3909
523 227 524 230 ’
552 221 742 272 XPONIKON
1088 219 1151 283 301

139 365 158 446 ἡ
182 367 214 429 εἰι
242 375 295 429 τοῦ
314 361 429 448 Ἀαρδιν
449 362 601 447 Ἐλισάβετ
627 367 763 449 συγγενίς
790 368 903 448 εἴρηται
927 376 980 447 τῆς
1007 369 1153 430 θεοτόιιου

140 467 274 546 Μαρίας.

202 557 416 626 Ἐκλειπόντων
439 555 495 625 οὖν
518 571 576 624 τῶν
604 563 685 644 παρὰ
703 558 859 637 Ἰουδαίοις
883 563 1040 645 ἀρχιερέων
1057 558 1154 645 Ἡρώ-

138 663 194 741 δης
221 659 388 740 ἀλλόφυλος
415 661 568 743 τυγχάνων
595 662 747 741 βασιλεῦς,
774 659 815 736 ὥς
842 663 969 744 εἴρηται,
995 671 1055 723 τῶν
1080 655 1154 723 Ἰου-

139 760 233 822 δαίων
256 760 441 840 καθίσταται,
463 755 536 820 καθ’
558 759 603 839 ὅν,
626 769 680 838 τῆς
697 764 828 840 Χριστοῦ
845 760 1011 841 γεννήσεως
1028 766 1154 839 πλησια-
1181 781 1194 820 ε

139 859 257 939 ζούσης,
276 855 295 937 ἡ
314 857 347 919 ἒιι
364 857 521 940 προγόνων
539 866 592 936 τῆς
614 855 834 940 ἀρχιερωσύνης
851 859 1000 937 κατελύθη
1020 857 1154 937 διαδοχή,

137 1053 227 1128 τέλος.
272 1052 382 1135 χριστολ
412 1052 468 1135 γὰρ
500 1049 662 1134 ἡγούμενοι
692 1051 759 1132 ἦτοι
785 1052 926 1135 ἀρχιερεῖς
952 1045 1030 1132 ἦσαν
1057 1051 1155 1134 μέχρις

134 1147 282 1232 Ἡρώδου,
305 1151 463 1233 ἀρξάμενοι
487 1148 540 1230 μὲν
562 1149 621 1212 ἀπὸ
643 1159 697 1229 τῆς
721 1150 794 1212 ιιατδι
816 1154 943 1232 Δαρεῖον
965 1150 1154 1224 ἀνανεώσεως

138 1258 193 1311 τοῦ
216 1251 311 1331 ἱεροῦ,
335 1249 473 1328 λήξαντες
496 1245 527 1310 δὲ
550 1246 598 1310 ἐπὶ
613 1243 758 1330 Ὑρκανὸν
785 1249 859 1311 ἔτεσι
880 1247 965 1331 υπγ’,
988 1248 1083 1312 ὁπόσα
1105 1248 1154 1309 καὶ
1169 1269 1195 1310 10

141 1347 157 1410 δ
181 1346 298 1426 Δανιὴλ
320 1349 452 1422 θεσπίζει
474 1345 578 1428 λέγων·
602 1345 652 1407 καί
675 1347 775 1430 γνώση
798 1345 848 1408 καί
870 1347 987 1432 συνήση
1010 1346 1069 1410 ἀπὸ
1092 1346 1155 1421 ἐξό-

141 1447 197 1507 δου
220 1445 316 1528 λόγων
338 1454 391 1507 τοῦ
413 1443 618 1526 ἀποκριθῆναι
644 1443 695 1505 ιιαλ
717 1454 769 1506 τοῦ
797 1445 991 1524 οἰκοδομῆσαι
1008 1440 1155 1526 Ἰερουσα-

140 1543 201 1622 λὴμ
219 1542 273 1616 ἕως
289 1548 419 1625 Χριστοῦ
437 1540 606 1623 ἡγουμένου
624 1541 786 1622 ἕβδομάδες
805 1539 833 1616 ζ’
850 1541 900 1603 καί
918 1542 1079 1623 ἑβδομάδος
1098 1539 1155 1624 ξβ’.

139 1643 176 1704 αἱ
195 1641 252 1723 γάρ
274 1639 324 1722 ξβ’
346 1640 507 1721 ἑβδομάδος
532 1645 757 1722 συμπληροῦσιν
784 1640 833 1719 ἔτη
857 1637 941 1722 mys,
968 1640 1024 1703 ὅσα
1045 1640 1081 1702 τά
1103 1651 1156 1721 τῆς

141 1739 233 1821 ἀρχῆς
269 1738 391 1821 ὑπάρχει
426 1749 485 1800 τῶν
521 1747 644 1820 χριστῶν
683 1735 866 1820 ἡγουμένων.
911 1731 955 1800 ὧν
989 1741 1156 1801 τελευταίου
1170 1761 1195 1801 15

136 1834 282 1919 Ὑρκανοῦ
304 1835 363 1898 ῦπὸ
386 1837 524 1916 Πάρθων
544 1835 839 1917 αλχμαλωτισθέντος,
857 1832 997 1918 Ἡρώδης
1016 1832 1069 1898 ὑπ’
1091 1837 1156 1899 Λῦ-

141 1936 269 2018 γούστου
300 1935 523 2016 παραλαμβάνει
549 1933 604 2012 τὴν
633 1936 798 2015 βασιλείαν,
829 1930 900 2014 μεθ’
929 1931 966 1995 δν
992 1935 1025 1996 οί
1048 1935 1155 1996 τούτου

141 2034 247 2106 παῖδες
270 2030 350 2113 μέχρι
372 2041 425 2112 τῆς
451 2031 578 2111 ὑστάτης
597 2025 807 2113 Ἱεροσολύμων
832 2033 1013 2113 πολιορκίας.
1058 2031 1156 2094 οὐκέτι

141 2131 198 2213 γάρ
221 2131 254 2192 ἔτι
277 2130 417 2210 διαδοχῆς
439 2139 492 2190 τοῦ
511 2127 713 2211 ἀρχιερατικοῦ
731 2128 837 2211 γένους
854 2138 914 2190 τῶν
933 2125 1087 2191 Ἰουδαίων
1105 2129 1156 2190 καὶ

139 2223 351 2308 Ἀσαμωναίων
368 2226 435 2306 ἤτοι
456 2228 677 2308 Μακκαβαίων,
695 2227 736 2300 ὥς
754 2244 848 2306 φησιν
863 2221 1016 2307 Ἰώσηπος,
1035 2228 1155 2308 ίερῦντο
1170 2251 1196 2290 εο

143 2333 182 2410 τῷ
202 2331 271 2410 θεῷ,
294 2319 359 2388 οὐδ’
384 2317 424 2388 αὖ
447 2326 536 2386 πάλιν
559 2325 591 2386 οἱ
612 2324 662 2386 διὰ
684 2326 753 2404 βίου
775 2323 849 2385 κατὰ
871 2323 923 2385 τὸν
946 2323 1083 2397 Μωσέως
1104 2325 1156 2386 νό-

143 2446 202 2504 μον
224 2424 376 2504 ἐπίσημοι,
399 2420 461 2485 ἀλλ’
487 2421 600 2502 ἀσημοί
619 2445 696 2495 τινες
723 2419 823 2484 ἀλλοτε
849 2420 950 2503 ἀλλος,
977 2422 1083 2484 καλοί
1103 2421 1156 2501 μὲν

115 2633 118 2640 »
216 2611 303 2674 3-12·
319 2609 418 2672 802‚4
442 2603 543 2658 Eusob.
563 2603 662 2657 Ohron.
681 2602 708 2656 Π
725 2621 755 2672 γ,
776 2607 828 2656 138
852 2602 967 2657 Βολιῦωο.
999 2605 1035 2672 cf.
1055 2602 1155 2658 Chron.

143 2677 241 2730 Pasoh.
252 2694 282 2745 γ.
298 2680 359 2744 368,
375 2681 407 2729 13
427 2674 546 2744 Syncell.
558 2692 587 2743 γ.
603 2679 727 2742 586,16;
745 2679 807 2741 585,
822 2679 863 2728 11.
881 2704 915 2714 -
936 2679 967 2728 11
987 2674 1058 2730 Dan.
1072 2681 1098 2743 9,
1113 2681 1155 2729 25.

145 2780 178 2788 —
198 2753 232 2802 20
251 2746 364 2816 Joseph.
379 2748 444 2800 Ant.
459 2746 518 2812 XX,
534 2752 593 2799 247.

216 2888 392 2959 1συγγενελς
405 2887 457 2940 ΑΗ
475 2889 609 2958 συγγενὴς
627 2895 685 2958 (ης
698 2888 730 2957 F)
750 2887 934 2943 OFLMV.——
952 2895 968 2942 3
988 2888 1156 2944 ἐκλιπόντων

144 2961 302 3015 BFRVa-
320 2965 353 3014 10
367 2959 439 3014 ἐπὶ
426 2969 551 3028 υρκανοῦ
565 2959 678 3014 ΒΝ.-
693 2960 764 3016 ἔτεσι
777 2977 827 3014 om.
842 2959 903 3028 Αῆ
903 2980 973 3031 γονν
987 2961 1059 3016 ἔτεσι
1072 2960 1106 3013 N.
1122 2992 1155 3001 -

146 3039 178 3087 11
195 3031 209 3086 ὁ
224 3048 274 3086 om.
289 3031 422 3085 BLR.—
437 3029 609 3098 συνήσειΑλῙ
624 3030 725 3103 συνέση
740 3031 822 3084 Μ.-
839 2981 1005 3100 12λάχονΒ
1024 3030 1073 3100 λάγ
1074 3051 1108 3085 ου
1122 3032 1156 3085 R.

145 3108 233 3157 -14
250 3123 286 3158 τα
300 3119 350 3157 σοι
365 3101 499 3156 BFRn-
520 3107 553 3156 16
568 3100 618 3156 ἀπ’
636 3086 793 3172 αάγοῦστου
807 3101 910 3155 ΑΟ.-
930 3108 962 3156 19
978 3102 1002 3156 λε
1003 3103 1156 3170 ρατιιιοῦΒ

145 3175 254 3228 Εοε-
272 3179 306 3227 20
320 3173 489 3243 ἀσαμωνέων
499 3173 559 3228 λίιλ
570 3191 604 3228 m.
615 3174 674 3228 21)
688 3170 887 3242 ἀταμιονιαίων
901 3174 923 3226 P
939 3123 1157 3242 ἀσαμοναίυινΒ

144 3253 169 3301 ολ
186 3261 257 3300 rece.
273 3244 391 3314 quidam
408 3242 700 3314 &oaamvaivaae
719 3243 802 3311 ἱερῶν
815 3263 854 3317 τῳ
836 3248 923 3317 θεῷ
937 3243 1023 3297 ΑΗΜ
1042 3243 1157 3311 ίερῦντο

143 3317 308 3389 δεῷΒ.-
328 3321 361 3370 21
380 3314 509 3385 μωῦσίως
526 3315 588 3369 HL.

217 3465 241 3514 8.
253 3464 268 3512 8
288 3457 367 3550 μέχρι
390 3458 443 3529 γάρ
454 3457 574 3548 ἡρώδου
592 3459 706 3548 χρηστοί
727 3455 810 3528 ὴγ.”
790 3451 970 3584 ητοιβιχχῃεῆ
971 3474 1024 3512 σαν
1043 3457 1070 3513 ολ
1088 3477 1158 3525 προ-

145 3529 289 3599 εστηκότες
302 3538 351 3585 τοῦ
366 3525 502 3585 ίονδαίοον
516 3529 687 3594 ἔθνουςξ
634 3526 706 3596 ἀρξ’
687 3549 786 3600 αμευοι
800 3528 850 3598 μὲν

976 3561 1009 3571 ·—
1025 3535 1059 3584 10
1074 3529 1156 3602 ἔτεσι]

146 3602 248 3658 ἐπιίτει
264 3600 295 3656 P.
