2617 3909
155 230 199 294 98
468 229 655 285 ΓΕΩΡΡΙΟΤ
672 228 855 281 ΜΟΝΔΧΟΤ

155 377 349 461 προκειμένης
372 377 531 457 ζητήσεως,
558 376 590 440 τδ
613 373 811 458 ἀληθέστερον
836 374 892 458 ἐγώ
915 393 963 438 σοι
985 373 1102 465 παρέξω
1126 372 1177 439 δι’·

155 477 295 558 ἐπιτομῆς
322 475 481 554 ἀληθεύων
507 474 541 537 ἐν
562 483 654 536 πᾶσιν
677 471 718 550 ἀς
739 483 792 554 τῆς
815 473 908 548 ’όντως
930 472 1074 554 ἀληθείας
1097 475 1176 537 δοῦν

130 580 213 649 ,λος
257 583 311 636 τοῦ
334 571 366 656 δὲ
384 571 526 653 βασιλέως
551 572 698 645 είπόντος·
723 571 832 654 μεγάλα
859 595 910 652 μοι
932 580 1018 634 τοῦτο
1041 573 1176 650 ποιήσας

132 678 258 755 χαριεῖ,
281 670 376 751 φησίν
399 666 579 752 δἉβραάμ·
603 670 641 743 οὐ
664 670 758 749 μόνον
781 671 813 732 οί
832 667 1000 752 ἀνθρωττοι,
1022 668 1096 732 ἀλλά
1118 669 1174 732 καί

124 770 191 833 ετά
227 768 319 851 ἀλογα
355 771 432 842 ζῶα
449 767 558 851 γενέσει
588 767 768 834 ὑπόκεινται.
819 769 851 830 οί
881 767 980 847 μέντοι
1010 766 1175 848 ἀνθρωττοι

155 868 255 948 ἔχουσί
284 890 312 928 τι
347 865 380 929 ἐν
395 887 399 892 ’
415 865 533 940 ἑαυτοῖς
566 865 726 948 ἐλεόθερον
756 863 867 946 γενέσει
898 864 939 945 μὴ
970 864 1174 945 ὑποκείμενον

154 966 262 1028 καθότι
284 974 337 1044 τῆς
359 963 497 1047 γενέσεως
519 963 614 1026 ἐκεῖνο
636 964 848 1047 πρεσβύτερον,
872 963 943 1045 ὅπερ
966 961 1044 1026 ἐστίν
1066 963 1174 1025 ἔννοια

154 1063 205 1128 καλ
222 1062 505 1142 αότεξουσιότης,·ἥ
523 1060 623 1146 τις-ἐκ
640 1066 717 1125 θεοῦ
741 1062 866 1124 δοθεῖσα
887 1058 970 1141 ἡμῖν.
1011 1061 1086 1124 ὅθεν
1108 1071 1171 1122 τῶν

154 1160 269 1243 ἀλόγων
296 1162 445 1244 κρείττους
474 1158 567 1244 ὄντες,Ι
581 1157 633 1220 καλ
661 1152 726 1220 κατ’
756 1158 894 1234 ἐξουσίαν
920 1157 1053 1240 ἀναιρεῖν
1082 1156 1172 1240 ἡμεῖς

113 1257 208 1340 ιομέν
231 1258 307 1322 αότά
328 1259 514 1338 πεφύκαμεν,
537 1254 624 1337 ἡμῶν
641 1254 674 1318 δὲ
692 1265 751 1318 τῶν
769 1256 906 1332 ἐξουσίαν
923 1256 1023 1318 αὐτῶν
1040 1255 1172 1336 ἐχόντων.

155 1359 193 1420 σὺ
215 1359 306 1420 τιάλιν
327 1358 466 1439 κρείττων
491 1355 631 1438 ὑπάρχεις
652 1353 740 1436 ἡμῶν
762 1354 836 1435 ἔχων
858 1353 914 1434 τὴν
935 1353 1081 1430 ἐξουσίαν.
1127 1353 1171 1430 ὡς

155 1449 211 1518 οόν
233 1453 319 1535 ἡμεῖς
340 1453 415 1516 κατά
437 1454 685 1536 τὸ.·λογικάτερου
707 1463 766 1516 τῖον
788 1450 903 1534 ἀλόγων
924 1453 1008 1526 ζώων
1026 1450 1170 1532 ἀμείνους

155 1552 236 1626 όντες
258 1550 396 1632 ἀρχομεν,
419 1552 513 1624 οὕτως
534 1549 621 1631 ἡμῶν
643 1551 691 1632 σό,
714 1553 844 1631 βασιλεῖ,
866 1552 1004 1632 κρείττων
1025 1548 1176 1632 ὑπάρχων-

153 1650 228 1711 κατδι
255 1649 307 1712 τὸν
333 1659 387 1729 τῆς
414 1647 506 1731 ἀρχῆς
531 1648 620 1730 λόγοι·
647 1649 703 1729 τὴν
729 1647 867 1723 ἐξουσίαν
892 1647 979 1729 ἔχεις,
1006 1647 1104 1729 ὥσπερ
1127 1649 1168 1728 δὴ

114 1769 140 1810 ιε
154 1746 204 1809 καλ
227 1756 282 1808 σοῦ
304 1747 442 1827 κρείττων
464 1745 521 1807 οόκ
542 1743 719 1829 άνθρωιιος,
742 1745 814 1808 ἀλλά
837 1745 909 1820 θεὸς
931 1743 947 1808 δ
970 1743 1094 1828 ἀόρατος
1116 1746 1176 1808 καὶ.

153 1843 278 1924 ποιητὴς
304 1845 425 1906 πάντων
450 1843 501 1905 καλ
529 1842 685 1924 δεσπότης,
714 1839 785 1925 παρ’
811 1837 848 1906 οδ
875 1842 925 1906 καλ
951 1843 985 1906 τδ
1011 1843 1170 1925 συμφέρον

153 1943 302 2005 αἰτεῖσθαι
325 1941 477 2024 προσήκει.
521 1942 614 2004 πολλὰ
638 1941 671 2004 δέ
692 1965 725 2024 γε
747 1952 867 2005 τοιαῦτα
889 1940 973 2016 λέξας
996 1937 1169 2024 δἍβραάμΙ

152 2041 194 2121 είς
225 2040 278 2103 τδν
309 2050 362 2120 τῆς
393 2038 583 2121 ἀστρολογίας
618 2041 733 2103 σκοπὸν
764 2046 804 2124 τῷ
834 2042 952 2121 βασιλεῖ
978 2039 1170 2123 χαριζόμενος

152 2138 280 2211 πολλοὺς
310 2147 370 2200 τῶν
398 2138 572 2220 Αἰγυπτίων
603 2137 785 2201 ἐπεσπάσατο
815 2139 889 2219 πρὸς
915 2137 1088 2219 θεοσέβειαν
1115 2138 1170 2200 καί
1248 2153 1251 2159 ’

112 2237 207 2318 οοτήν
230 2235 419 2315 ἐσφαλμένην
441 2235 541 2298 αὐτῶν
567 2245 679 2318 γνῶσιν
703 2235 754 2298 καλ
769 2237 913 2298 παιδείαν
935 2235 1002 2318 περὶ
1024 2234 1170 2318 ἀστρονο-

153 2336 233 2414 μίας,
248 2333 298 2396 καλ
325 2332 515 2416 ἀστρολογίας
540 2357 570 2395 τε
597 2333 647 2395 καλ
673 2335 795 2416 μαγείας
818 2334 1002 2415 διορθώσατο
1026 2333 1169 2411 φάσκων

150 2433 244 2511 πολλή
274 2454 331 2512 τις,
363 2425 387 2494 ἀ
418 2430 539 2512 ἀνδρες,
571 2428 591 2511 ἡ
620 2431 753 2515 διαφορά
784 2430 862 2494 ἐστιν
888 2429 1032 2511 ἀληθείας
1058 2454 1088 2494 τε
1115 2431 1171 2494 καὶ

152 2672 203 2735 164
214 2584 328 2736 χε-ρ.
344 2616 404 2679 100,
419 2617 434 2664 ε
460 2609 588 2666 clemens
606 2612 686 2666 Rom.
707 2612 787 2667 Hom.
803 2618 834 2678 4,
850 2617 954 2667 11-13
977 2611 1073 2684 Migne
1091 2611 1123 2666 Τ.
1139 2619 1170 2679 2,

125 2750 128 2754 .
248 2699 303 2752 τοο·

221 2830 238 2878 4
255 2832 349 2896 χαριεῖ
364 2823 419 2876 NP
436 2831 462 2878 et
480 2806 587 2880 Vm.2
604 2827 636 2880 ίκ
655 2825 712 2881 loco
729 2825 846 2880 ενατιίάο
862 2832 946 2916 χαριῇ
961 2824 1093 2879 ΒΟΡίδΙι
1113 2847 1170 2896 χαι

150 2903 219 2964 ριεῖς
241 2897 267 2950 Α
288 2894 372 2967 χάριν
391 2894 429 2947 W
456 2895 587 2966 (μεγάλην
610 2916 658 2965 μοι
679 2897 784 2950 ταότυ
807 2914 932 2964 ποιησεις
954 2895 1037 2967 χάριν
1059 2896 1104 2966 R).
1129 2929 1165 2938 -

150 2968 236 3040 δοάχ
255 2965 420 3022 ὑπόκεινται
437 2965 472 3021 N.
496 2999 531 3006 —
555 2971 570 3020 ‘1
590 2966 665 3023 ἐστίν
686 2983 736 3024 om.
787 3011 792 3021 .
817 2999 851 3006 —
875 2973 908 3021 11
932 2965 1058 3036 κρείττον
1080 2967 1167 3022 FPW

148 3039 274 3107 κρεῖττον
292 3037 340 3092 eL
362 3046 487 3105 κρεῖττον
505 3055 557 3108 ειη.
576 3040 616 3095 lit.
635 3039 721 3093 unius
740 3037 798 3093 litt.v
809 3039 842 3093 A.
863 3071 899 3079 -
922 3044 956 3092 12
974 3041 1166 3109 καταλογικώ-

148 3129 229 3178 τερον
244 3109 302 3164 CR.
317 3142 353 3150 -
372 3115 404 3163 13
423 3106 549 3177 κρείττου
563 3109 585 3163 Ρ
603 3119 729 3179 κρεῖττον
742 3109 857 3164 ACDH.
874 3142 907 3150 —
927 3115 960 3164 15
979 3119 1111 3179 κρείττων
1126 3111 1170 3164 W

148 3178 274 3250 κρείττον
293 3180 314 3237 G
332 3189 458 3249 κρεῖττον
475 3180 558 3235 AFH.
578 3214 612 3222 -
635 3180 650 3235 δ
670 3199 720 3236 om.
735 3180 847 3235 ABGV.
867 3213 901 3221 -
921 3185 956 3234 20
976 3179 1171 3252 ἀστρονομίας

148 3254 196 3306 καλ
215 3251 443 3309 0m.GLRV.1-,
462 3258 496 3306 21
515 3253 564 3307 καλ
582 3260 646 3308 ante
660 3253 868 3324 ἀστρολογοικ.
882 3251 914 3306 Β.
930 3284 963 3292 -
983 3253 1170 3320 διορθώσατο-

149 3323 229 3377 οαδσ.
240 3322 447 3393 praeterEGV
465 3329 491 3378 et
507 3339 578 3378 rece.
593 3325 716 3392 quidam.
736 3355 771 3364 -
790 3329 823 3378 22
842 3342 872 3378 τε
890 3329 940 3381 ουι.
958 3323 1018 3380 BR.

221 3471 235 3519 1
253 3464 365 3533 παρέξω
379 3474 479 3521 τοῦτωι
493 3462 533 3521 δι’
549 3465 579 3519 Ρ.
595 3498 629 3508 -
648 3472 664 3519 2
684 3467 714 3522 ἐν
728 3473 815 3521 πᾶσιν
835 3481 885 3522 om.
900 3465 930 3519 P.
945 3497 979 3506 -
997 3472 1015 3520 4
1034 3465 1114 3520 δοκι.
1130 3466 1167 3520 Ρ.

148 3562 182 3576 -·-
203 3541 218 3589 6
242 3537 272 3591 ἐν
295 3537 391 3600 αὐτοῖς
411 3537 443 3591 Ρ.
471 3569 505 3578 -
533 3542 550 3590 9
573 3557 622 3605 ιιρ.,
638 3536 718 3602 ὄντες
740 3538 785 3602 ὡς
799 3537 974 3604 αίιτεξοόσιοι
996 3538 1090 3606 άναιρ.
1109 3539 1169 3608 μὲν

147 3604 227 3674 ἡμεῖς
244 3607 317 3660 αὐτὰ
334 3625 401 3676 πεφ.
415 3608 455 3666 P„
570 3678 573 3683 y
663 3662 666 3668 ,
689 3663 692 3668 ,
