2617 3909
533 222 723 274 Χοουυεοω
1071 223 1133 288 137

115 369 233 449 ἔρευνα.
278 368 412 431 διδάσκει
434 367 468 430 δί
488 391 522 450 γε
544 368 595 432 διὰ
618 369 733 432 τούτων
755 367 834 450 ἡμᾶς
857 369 873 432 δ
896 371 983 452 θεός,
1006 370 1046 446 δις
1068 371 1138 446 τοὺς

115 467 152 530 ἐν
178 465 267 551 ἀρετή
294 467 422 540 τελείους
448 465 504 546 τήν
531 464 684 547 ν’κρίβειαν
715 465 845 548 άπαιτεῖ,
872 467 923 530 καί
950 475 1011 542 τοῖς
1038 467 1137 543 άλλως
1152 485 1176 526 97
1190 483 1223 523 Μ.

116 564 295 645 ἀνθρώποις
327 565 437 645 μεγάλα
467 572 674 645 παρανομοῦσι
711 571 917 646 μακροθυμῶν
950 573 1012 640 τοῖς
1043 565 1138 648 ἁγίοις

117 663 230 742 ταύτης
248 661 285 724 ού
304 663 480 741 μεταδίδωσι
497 671 552 742 τῆς
567 663 754 744 συγγνώμης.
791 663 865 724 ὅθεν
884 663 901 726 δ
920 662 974 744 μὲν
992 664 1137 744 Σολομὼν

117 752 213 833 αύθίς
230 777 337 839 φησιν·
362 757 380 821 δ
403 757 457 839 μὲν
479 758 535 842 γὰρ
556 759 705 840 ἐίύγγστος
727 761 914 842 συγγνωστός
931 761 1010 824 ἐστιν
1027 761 1136 842 ἐίίους,
1165 784 1177 824 5

116 856 242 920 δυνατοί
260 856 293 919 δὲ
305 858 449 930 δυνατῶς
470 856 694 936 ἐτασθήσονται.
732 855 748 922 δ
772 857 804 922 δὲ
826 860 940 941 κύριος·
965 848 988 945 ᾧ
1009 859 1063 941 μὲν
1080 860 1137 942 γάρ

116 954 220 1037 ὀλίγον
241 955 353 1036 ἐδόθη,
378 957 488 1036 φησίν,
516 953 621 1037 ὀλίγον·
641 955 693 1018 καὶ
716 955 913 1036 ἀπαιτήσουσι
935 953 1007 1039 παρ’
1032 958 1136 1038 αὐτοῦ,

115 1042 196 1138 ᾦδὲ
218 1053 295 1116 πολύ
317 1053 424 1134 ἐδόθη,
446 1053 524 1116 πολὺ
546 1052 597 1115 καί
618 1052 818 1134 ἀπαιτήσουσι
840 1049 910 1136 παρ’
936 1055 1039 1118 αὐτοῦ.
1085 1057 1137 1118 ού-

115 1160 194 1214 κοῶν
224 1149 364 1233 εύιυιιρον
398 1149 491 1225 ’όντως
522 1151 616 1214 εἰπεῖν
647 1151 793 1215 ἐνταῦθα·
822 1148 845 1213 δι
877 1153 975 1232 βάθος
1007 1147 1137 1216 πίυύτου

115 1247 169 1312 καί
191 1250 301 1328 σοφίας
322 1247 373 1311 καί
390 1249 527 1332 γνώσεως
543 1255 630 1310 θεοῦ.
667 1247 708 1324 ὡς
725 1247 939 1331 ἀνεξερεύνητα
957 1249 992 1312 τδι
1009 1250 1135 1332 κρίματα
1150 1272 1176 1313 ιο

116 1346 212 1410 αύτοῦ
238 1346 290 1418 καί
320 1345 533 1428 ἀνεξιχνίαστοι
560 1347 595 1408 αἱ
619 1345 685 1409 ὁδοί
713 1346 813 1410 αὐτοῦ,
859 1349 921 1408 καί
945 1347 1076 1429 φοβερὸν
1103 1347 1136 1408 τὸ

117 1445 256 1524 ἐμπεσεῖν
278 1445 321 1520 είς
342 1450 440 1527 χεῖρας
454 1451 539 1507 ’θεοῦ
561 1447 676 1520 ζῶντος.
722 1447 786 1506 καί·
810 1445 941 1528 φοβερὸν
964 1445 996 1507 τὸ
1019 1445 1137 1527 πρόσω-

116 1565 178 1606 πον
200 1544 307 1624 ιιυρίον
330 1541 379 1605 ἐπί
405 1552 566 1616 ποιοῦντας
588 1544 680 1624 κακά,
708 1542 784 1606 διότι
806 1543 935 1612 κατὰτὸ
958 1543 1035 1606 πολὺ
1058 1543 1137 1616 ίίεος
1252 1601 1261 1608 .

116 1641 213 1704 αὐτοῦ
244 1641 322 1704 ούτω
353 1639 405 1702 καὶ
436 1640 530 1715 πολύς
556 1637 573 1702 δ
600 1641 715 1723 ἔλεγχος
746 1640 848 1703 αὐτοῦ.
894 1641 973 1716 ἐίεος
1003 1641 1059 1724 γὰρ
1086 1641 1136 1702 καὶ

117 1737 193 1821 όργή
215 1741 290 1821 παρ’
314 1737 418 1820 αὐτοῦ,
439 1737 489 1800 καί
512 1737 562 1801 ἐπί
583 1737 775 1821 ἁμαρτωλούς
797 1739 979 1802 καταπαύσει
1002 1737 1136 1819 δθυμὸς
1150 1761 1176 1802 15

117 1836 222 1900 αύτού.
257 1837 320 1898 καί·
344 1835 395 1898 διὰ
417 1844 504 1898 τοῦτο
528 1836 646 1910 πάντως
665 1834 735 1899 οὐδὲ
753 1835 884 1918 ἀγγέλων
902 1834 1136 1917 ἁμαρτησάντων

117 1935 266 2014 ἐφείσατο,
288 1932 393 2008 καθὼς
415 1933 583 2016 γέγραπται.

189 2033 226 2093 Τί
251 2024 308 2094 ούν
338 2029 378 2092 διν
403 2031 509 2094 λοιπὸν
535 2032 660 2113 ἐροῦμεν
686 2028 772 2111 ήμεῖς
799 2031 831 2094 οί
856 2032 971 2112 μυρίων
998 2029 1135 2113 γέμοντες

116 2140 221 2192 κακῶν
251 2127 302 2191 καί
328 2139 471 2192 τοσούτου
496 2127 673 2201 ἀποδέοντες
700 2137 753 2207 τής
779 2127 895 2190 ἐκείνου
927 2127 1033 2209 άρετής
1065 2129 1136 2190 ὅσον

116 2238 158 2310 γῆ
180 2236 235 2289 τοῶ
262 2227 409 2308 ούρανοῦ,
436 2227 486 2289 καί
512 2228 565 2290 τὸν
586 2225 662 2288 θεὸν
689 2219 762 2287 καθ’
792 2224 919 2304 ἑκάστην
946 2223 1060 2308 ἡμέραν
1087 2225 1136 2288 καί
1151 2249 1178 2290 ιο

117 2327 202 2409 ὥραν
234 2319 274 2386 δι’
300 2325 393 2407 ἔργων
425 2324 476 2386 καί
507 2325 603 2406 λόγων
634 2323 865 2405 παροξύνοντες;
898 2321 1002 2402 μηδείς
1033 2325 1137 2384 τοίνυν

117 2423 225 2506 άρετάς
251 2446 335 2496 τινας
360 2423 435 2504 ἔχων
461 2421 482 2502 ή
510 2424 608 2484 δοκῶν
635 2421 711 2502 ἔχειν
738 2421 900 2501 καυχάσθω
923 2419 943 2502 ή
971 2419 1138 2504 ἀμερίμνως

194 2609 262 2658 1-8
281 2603 448 2657 Theodoret.
466 2603 497 2656 in
512 2601 625 2657 Denter.
641 2601 753 2668 θεωρῶ.
769 2607 804 2655 43
822 2601 919 2671 Migne
933 2601 1010 2656 Tom.
1026 2607 1070 2670 80,
1085 2607 1146 2656 448·

118 2693 154 2731 απ
167 2675 297 2730 Anastas.
312 2675 370 2729 Sin.
385 2673 498 2740 Quaest.
513 2679 547 2727 87
562 2674 659 2744 Migne
672 2673 750 2728 Tom.
762 2677 804 2741 89,
816 2678 866 2726 577
878 2671 905 2726 O.
922 2704 956 2712 -
970 2679 987 2727 ό
1003 2673 1066 2742 Sap.
1079 2680 1103 2741 6,
1112 2679 1136 2727 ’1,

118 2779 154 2787 -
171 2747 261 2800 Mauo.
273 2753 315 2815 12,
325 2750 368 2799 48.
379 2777 413 2786 -
424 2751 440 2798 9
450 2745 529 2799 Rom.
542 2751 584 2813 11,
594 2751 635 2798 33.
647 2774 681 2786 --
693 2751 724 2798 11
737 2744 820 2798 Hebr.
833 2749 875 2813 10,
885 2750 928 2798 31.
939 2776 972 2784 -
985 2751 1017 2798 12
1032 2745 1052 2798 Ι.
1062 2745 1136 2800 Ρθδτ.

119 2824 146 2886 ε,
162 2823 203 2872 ιο.
224 2849 257 2858 -
278 2823 311 2871 13
330 2817 498 2886 sir.1e,12.
518 2849 551 2856 -
573 2823 606 2870 ιι
625 2816 676 2871 sir.
692 2822 717 2883 ε,
733 2821 756 2869 ε.
776 2847 812 2856 -
832 2820 865 2870 16
883 2815 916 2869 Π.
931 2815 1004 2870 Patr.
1021 2821 1045 2884 ε,
1060 2823 1085 2869 4.

194 2966 208 3013 1
232 2958 266 3016 δέ
282 2961 325 3032 γε]
350 2959 422 3015 m
446 2957 507 3029 γίδε
527 2958 547 3013 O
571 2956 603 3013 δέ
624 2977 656 3028 γε
678 2960 728 3012 καί
745 2958 780 3012 N.
804 2989 839 2998 -
863 2963 878 3010 2
898 2957 992 3018 ἄλλοις
1014 2956 1064 3026 μδυ
1087 2957 1137 3010 ἀν-

118 3031 249 3099 θρώποις
266 3031 300 3084 Ν.
319 3062 352 3071 —-
372 3037 388 3085 4
408 3028 479 3085 ὅθεν
496 3035 523 3085 τό
539 3030 590 3100 μέν
608 3046 658 3085 om.
673 3029 708 3084 N.
724 3062 758 3070 -
777 3033 793 3082 5
813 3029 870 3084 ἔστι
888 3029 940 3098 σύγ
958 3044 1063 3089 νωστος
1080 3026 1137 3079 DH

120 3099 187 3172 ἕστή
208 3103 373 3173 συγγνώμης
391 3101 422 3154 M
446 3102 608 3172 συγγνώμης
629 3100 686 3156 ἐστὶ
709 3101 758 3155 καί
780 3101 812 3154 R.
838 3131 872 3140 -
894 3104 910 3152 8
934 3049 957 3152 ό
979 3095 1134 3165 δὲ-παρ’

119 3175 209 3228 αὐτοῦ
231 3190 282 3229 σοι.
301 3173 350 3227 PR
372 3169 441 3242 παρ’
458 3174 546 3227 αὐτοῦ
569 3189 619 3227 ονε.
639 3173 675 3226 N.
698 3204 732 3213 —
758 3177 791 3226 15
814 3166 884 3239 παρ’
905 3171 981 3243 αύτῷ
999 3169 1082 3222 BFR.
1103 3200 1136 3210 -

121 3251 154 3300 17
175 3243 305 3314 ἐφείσατο
324 3244 340 3298 δ
358 3243 428 3306 θεός
440 3243 476 3298 N.
492 3275 526 3284 -
546 3247 580 3297 18
598 3241 635 3297 διν
654 3259 705 3299 om.
720 3241 806 3296 DFH.
822 3273 856 3281 -
876 3246 908 3294 21
929 3239 1139 3310 παροξύναντες

119 3315 182 3369 BW
204 3313 419 3386 παροργίζοντες
436 3315 496 3368 PR.
520 3347 554 3356 —
578 3320 612 3368 22
630 3334 711 3378 τινας
729 3330 780 3370 ουτ.
801 3312 861 3366 BD.
882 3343 915 3350 —
940 3312 1013 3382 ἔχειν
1031 3328 1082 3366 ονε.
1101 3310 1136 3363 N.

194 3463 209 3511 ⁷
234 3454 328 3529 ὀλίγον
352 3458 407 3528 ἐφη
429 3456 584 3525 δοθήσεται
606 3457 629 3510 P
657 3454 822 3525 (δοθήσεται
849 3455 932 3510 etim
953 3453 1079 3523 Theod.).
1102 3485 1138 3494 -

120 3528 361 3670 ἓκειῖρξυήστεῗρμιέ
370 3529 475 3584 Tbeod.
499 3561 535 3569 —
563 3533 597 3582 15
619 3526 778 3582 καταπαύει
800 3526 830 3581 Ρ.
854 3557 888 3566 -
913 3531 946 3579 19
969 3524 1138 3586 ἀποδέοντες
