2617 3909
536 216 737 268 PRAEFATIO
1028 216 1152 268 xxm

122 382 180 441 pro
204 360 236 423 ἕν
258 366 330 442 τοῖς,
353 366 554 441 superscripta
576 366 728 440 particula
746 366 818 443 τοῖς,
832 361 991 436 'rotomo
1009 383 1065 441 pro
1081 363 1145 426 ἐλά-

124 469 233 531 χιστος,
245 454 309 513 sine
323 452 414 512 dubio
428 453 501 528 qnia
514 454 606 530 paulo
618 457 688 531 post
698 455 810 533 legitur
820 451 952 532 δυνατοὶ,
968 454 1000 512 in
1009 452 1146 531 quoipsa

124 543 183 601 loci
201 542 285 601 illius
302 541 406 602 biblici
420 542 489 617 Sap.
505 541 565 602 Sal.
581 544 610 619 6,
627 546 644 602 7
664 543 757 603 verba
773 547 923 603 corrector
939 563 1000 602 non
1018 544 1152 603 curavit}

124 628 336 708 Quaecumque
359 630 489 691 secunda
506 651 614 692 manus
631 632 759 693 correxit
777 632 837 692 duo
859 633 908 692 1111
925 632 997 692 libri
1012 634 1045 691 in
1058 635 1153 692 textu:

122 721 287 780 continent
334 720 479 779 Similiter
505 722 619 781 factum
647 725 692 782 est
723 722 827 781 multis
854 722 923 781 aliis
949 721 1031 781 locis
1206 796 1210 800 .

196 808 278 879 Quae
301 828 368 869 cum
386 810 431 868 ita
449 812 510 869 sint
528 811 620 871 libros
638 810 742 870 illose
767 812 791 868 V
813 811 933 871 fluxisse
958 813 1073 871 certum
1091 814 1151 870 est..

121 898 196 957 Jam
220 918 288 958 cum
308 898 539 959 Holkhamensis
566 918 653 975 saepe
676 900 813 960 meliores
833 900 980 960 Vaticano
1002 900 1149 976 praebeat.

122 987 276 1063 lectiones,
304 1006 382 1063 quae
409 988 441 1046 in
464 991 570 1049 ceteris
593 1008 713 1065 quoque
735 990 821 1049 libris
847 990 1057 1064 inveniuntur,
1084 1009 1148 1049 ncn-

121 1079 223 1135 minus
250 1079 364 1137 certum
396 1082 441 1137 est
467 1078 554 1137 illum
576 1097 637 1138 non
659 1098 696 1137 ex
718 1077 867 1139 Vaticano
893 1078 946 1139 sed
968 1098 1004 1138 ex
1025 1078 1092 1154 ipso
1119 1079 1152 1140 V·

119 1166 355 1242 transscriptum
378 1185 448 1227 esse.
490 1166 594 1227 Veluti
616 1188 644 1244 p.
668 1170 719 1242 17,
739 1169 778 1227 16
803 1168 835 1227 in
857 1166 1074 1227 Holkhamensi
1095 1186 1152 1227 ex·›

120 1257 208 1315 stant
226 1274 302 1331 quae
319 1257 352 1314 in
370 1257 475 1315 1111111
493 1255 578 1317 libris
596 1258 740 1335 leguntur
757 1256 848 1317 verba
865 1253 915 1316 καὶ
934 1255 1013 1317 οὕτω
1029 1264 1145 1335 cedros·

120 1340 254 1423 φορέσας
276 1342 309 1405 ἐκ
326 1344 485 1425 πορφύρας
507 1344 634 1424 ἱμάτιον,
657 1344 765 1418 πάντες
786 1343 964 1423 ἐθαύμασαν
981 1342 1037 1422 τὴν
1054 1342 1144 1423 ξένην

120 1432 237 1511 ταύτην
263 1430 391 1511 ἐσθῆτα,
418 1434 559 1495 Vaticani
586 1436 715 1545 scriptor
741 1454 796 1495 suo
823 1433 948 1495 arbitrio
974 1434 1144 1495 substituit·

119 1519 184 1582 ὑπὸ
205 1521 327 1583 πάντων
353 1518 537 1602 ἐθαυμάσθῄ
564 1522 664 1584 διὰ
636 1546 670 1584 rc
692 1521 778 1596 ξένον
804 1532 859 1626 ripe
879 1522 1017 1603 ἐσθῆυος.
1061 1522 1144 1584 Idem

119 1610 253 1688 scriptor
278 1612 366 1689 plura
393 1615 503 1672 1111111
532 1616 675 1689 mutavit,
703 1614 839 1673 veluti
830 1614 1024 1690 imperiorum
1054 1614 1149 1673 initia

120 1720 184 1759 non
211 1703 247 1761 ut
274 1701 326 1761 alii
354 1702 470 1761 librarii
498 1702 597 1763 verbis
624 1702 775 1781 siguificat
802 1701 890 1763 Μετὰ
922 1698 955 1763 δὲ
981 1700 1035 1763 τὸν
1060 1702 1145 1763 δεῖνα

119 1788 310 1868 ἐβασίλευσεν
340 1786 356 1850 ὁ
384 1790 481 1870 δεῖνα,
513 1792 565 1851 sed
596 1793 696 1853 verbis
719 1783 753 1853 ‘0
779 1788 812 1853 dt
843 1791 928 1853 δεῖνα
957 1789 1144 1871 ἐβασίλευσεν

119 1876 194 1957 μετὰ
216 1876 268 1939 τὸν
292 1879 388 1959 δεῖνα,
415 1882 489 1941 mire
517 1881 609 1941 etiam
631 1900 857 1958 nonnumquam
882 1881 956 1941 haec
978 1880 1069 1941 verba
1091 1900 1144 1957 po

119 1971 193 2044 snit,
216 1971 376 2045 postquam
398 1969 490 2029 verba
513 1967 602 2031 Μετὰ
624 1968 658 2032 δὲ
679 1973 743 2031 iam
764 1972 877 2047 scripta
898 1988 1001 2030 rursus
1024 1969 1143 2031 delevit

189 2056 276 2117 Libri
291 2059 387 2135 igitur
401 2058 566 2119 Vaticanus
587 2062 650 2121 153
670 2063 702 2119 et
718 2058 951 2120 Holkhamensis
972 2077 1033 2120 non
1050 2062 1143 2137 respi-

119 2146 220 2207 ciendi
238 2150 311 2207 sunt
327 2148 386 2208 nisi
404 2146 456 2207 ubi
473 2147 505 2207 in
525 2148 1149 2225 7111111111111111,11.ρ.1-142,3,

119 2236 264 2295 editionis
276 2255 360 2297 meae
374 2238 427 2295 11
417 2256 451 2297 ru
464 2240 689 2299 continuatione
702 2237 962 2314 111101111ρῖ42,
972 2193 1114 2311 2-7411,
1121 2239 1141 2296 2

119 2328 153 2384 11
170 2345 200 2401 p.
213 2326 276 2384 756
279 2328 418 2402 ,121111
437 2326 577 2388 editionis
595 2327 805 2387 Mrualtianae.
842 2327 887 2386 Eo
905 2281 980 2401 locb,
999 2326 1052 2402 qni
1069 2282 1149 2387 folio

120 2412 264 2474 Vaticani
282 2414 400 2490 perdite
419 2419 488 2477 cont
474 2416 668 2490 tuebatur,
646 2419 766 2493 usque,
789 2417 842 2493 qui
859 2416 893 2474 in
910 2434 945 2475 ec
968 2417 1001 2473 in
1018 2416 1150 2477 summis.

120 2503 242 2605 paginis
261 2504 395 2581 corrupti
412 2507 490 2579 sunt,
509 2506 651 2567 lectiones
669 2506 804 2566 familiae
828 2505 858 2565 V
871 2524 907 2565 ex
925 2505 990 2565 solo
1008 2504 1142 2565 Holkba-

119 2592 217 2653 mensi
238 2593 417 2669 repetendae
438 2596 517 2655 sunt
1143 2621 1148 2629 ¹

188 2676 431 2744 Laurentianus
454 2678 538 2745 Plut
558 2678 644 2745 LXX
667 2678 738 2745 cod
760 2674 792 2747 ll
815 2674 873 2765 (L)
899 2683 1143 2744 membranaceus

119 2773 167 2831 est
188 2772 302 2832 saeculi
323 2772 367 2831 XI
388 2772 529 2833 foliorum
556 2793 679 2834 numero
703 2774 777 2849 269,
802 2792 840 2833 11-
858 2773 932 2833 210.
977 2772 1070 2833 initio
1095 2776 1150 2833 est·

119 2861 253 2921 mutilus.
291 2860 393 2921 Prima
410 2880 517 2921 novem
534 2862 609 2923 tolia
626 2881 690 2923 esse
708 2862 835 2923 duorum
853 2862 1084 2938 quaternionum
1096 2881 1141 2922 re-

118 2949 231 3027 liquias
246 2949 353 3011 docent
365 2952 483 3011 numeri
496 2951 665 3028 antiquitus
677 2951 829 3029 adscripti
862 2950 941 3010 Sunt
952 2954 1058 3012 autem
1067 2951 1147 3012 folia

118 3045 258 3115 perieme
281 3039 495 3189 conglutinata
542 3039 621 3101 Olim
644 3041 818 3102 continebat
840 3040 1000 3117 quaternio
1026 3038 1144 3100 111111

488 3220 771 3320 Q

117 3352 318 3442 «11111111111
342 3360 416 3422 folia
