2617 3909
527 228 716 300 Χοοπτκοα
1069 225 1133 290 153

112 373 147 436 κ’
171 375 221 437 καὶ
244 382 307 451 ταῖς
333 377 482 456 παλάμαις
509 375 668 456 ἀνασχίσας
695 375 727 436 τὸ
755 375 848 454 στόμα
870 383 923 436 τοῦ
946 372 1062 448 λέουτος
1083 374 1133 436 καὶ

113 473 150 535 ἐν
175 473 294 556 σιαγόνι
321 472 396 536 όνον
423 475 535 555 χιλίους
561 472 737 547 ἀποκτείνας
768 471 880 556 ἀνδρας
911 471 961 534 καὶ
992 473 1074 554 ύδωρ
1101 471 1134 534 ἐκ

114 571 256 653 σιαγόνος
281 571 360 634 πιὼν
390 570 442 634 καὶ
469 566 510 634 δι’
540 570 709 654 ὑπερβολὴν
741 571 842 651 ἰσχύος
872 571 924 645 τὰς
955 571 1051 644 πύλας
1081 577 1134 650 τῆς

113 668 229 743 πόλεως
260 667 448 751 ἀνασπάσας,
478 667 521 743 ὡς
549 670 679 751 εἴρηται,
710 667 760 730 καὶ
792 666 891 742 ἁπλῶς
918 667 934 731 δ
962 667 995 730 ἐκ
1021 669 1134 742 κοιλίας

115 765 228 849 μητρὸς
260 764 416 848 άγιασθεὶς
446 766 497 829 καὶ
527 769 687 848 ναζηραῖος
722 764 846 846 κληθεὶς
881 764 931 827 καὶ
967 766 1134 845 πνεύματος
1161 787 1173 827 5

114 861 205 944 ἀγίον
235 863 381 945 πλησθεὶς
411 864 472 928 ύπδ
503 863 646 947 γυναικός
673 864 754 944 οἴμοι
781 861 949 937 δελεασθεὶς
976 863 1013 925 ού
1041 862 1135 943 μόνον

114 960 173 1039 τὴν
195 961 343 1041 τοσαύτην
364 962 454 1024 θείαν
480 962 566 1045 χάριν
592 960 643 1023 καὶ
665 962 846 1042 τηλικαύτην
868 960 954 1043 ίσχύν
975 959 1134 1040 ἀπώλεσεν,

115 1057 191 1120 ἀλλά
213 1082 245 1140 γε
267 1058 319 1121 καὶ
341 1059 376 1121 τά
399 1057 516 1139 όμματα
535 1057 707 1142 ἐξορυχθείς
724 1060 864 1140 παίγνιον
882 1064 944 1132 τοῖς
966 1059 1135 1141 παιδαρίοις

115 1165 177 1218 τῶν
199 1154 377 1235 ἀλλοφύλων
398 1155 557 1238 γενόμενος
579 1157 637 1218 σὺν
654 1156 757 1230 αὐτοῖς
773 1156 824 1218 καὶ
842 1155 894 1218 τὸν
912 1157 980 1237 βίον
998 1156 1134 1240 αἰσχίστῳ

116 1252 200 1338 μόρῳ
222 1251 431 1337 κατέστρεψεν,
458 1253 566 1316 ἑαυτὸν
589 1252 751 1334 ἀποφήνας
773 1259 835 1329 τοῖς
858 1252 913 1333 μὲν
935 1251 1054 1336 ἐχθροῖς
1076 1275 1134 1314 κοι-
1148 1277 1176 1317 10

116 1352 245 1438 μφδίαν,
268 1358 329 1426 τοῖς
351 1350 384 1414 δὲ
407 1353 507 1431 φίλοις
528 1353 713 1438 θρηνῳδίαν.

428 1526 491 1611 [ιε’.
523 1528 611 1613 Περὶ
634 1526 831 1613 ἀναρχίας]

186 1653 275 1716 Μετὰ
297 1651 330 1718 δὶ
353 1653 494 1735 Σαμψὼν
516 1653 628 1737 ἐγένετο
651 1653 778 1738 ἀναρχία
801 1654 852 1734 ἐτη
875 1652 920 1735 μ’,
943 1652 993 1715 καὶ
1017 1652 1136 1726 ἕκαστος

117 1752 258 1834 ἔπραττεν
289 1752 360 1835 ὅπερ
387 1751 478 1833 ἤθελε
505 1758 630 1832 φαύλου.
677 1752 751 1815 ὅθεν
778 1749 798 1832 ἡ
826 1751 928 1835 γραφη
956 1751 1011 1832 την
1038 1751 1135 1813 αἰτίαν

116 1850 350 1930 ύπεμφαίνουσα
376 1859 430 1931 τῆς
458 1852 644 1933 παρανομίας
666 1849 752 1933 λέγει·
776 1849 809 1912 ἐν
832 1856 895 1924 ταῖς
917 1847 1040 1932 ἡμέραις
1062 1847 1135 1910 ἐκεί-
1150 1870 1277 1914 1510941.

117 1971 186 2021 ναις
213 1939 331 2026 ούκίχν
358 1948 495 2028 βασιλεὺς
521 1946 554 2009 ἐν
574 1942 700 2031 Ἰσραήλ,
723 1941 786 2009 ἀλλ’
812 1946 932 2022 ἕκαστος
959 1945 991 2008 τὸ
1014 1945 1136 2029 ἀρεστὸν

118 2044 152 2108 ἐν
179 2042 352 2125 ὀφθαλμοῖς
378 2044 471 2106 αὐτοῦ
497 2044 598 2107 ἐποίει.
643 2046 788 2126 τοσαύτης
816 2044 958 2127 πρόξενος
980 2044 1094 2125 βλάβης
1117 2041 1136 2121 ἡ

117 2142 252 2225 ἀναρχία.
297 2142 348 2204 καὶ
383 2142 439 2225 γάρ
475 2139 540 2204 κατ’
573 2141 709 2222 ἀλλήλοιν
745 2141 969 2221 ἐπανιστάμενοι
1006 2145 1137 2203 σννωλο·

118 2241 281 2323 θρεύοντο,
304 2240 429 2320 μάλιστα
451 2238 483 2302 δέ
511 2238 623 2302 ὁπόταν
649 2239 692 2313 είς
714 2238 770 2318 τὴν
794 2239 958 2300 παλλακίδα
980 2247 1033 2300 τοῦ
1056 2236 1137 2300 δδοι-

118 2338 217 2511 πξόρου
243 2339 276 2400 ot
300 2347 353 2418 της
380 2342 479 2419 φυλῆς
505 2336 649 2417 Βενιαμὶν
676 2337 923 2420 ίκπορνεύσαντες
949 2333 999 2398 καὶ
1026 2336 1177 2432 ταύτηνχο

119 2434 350 2518 ἐξύπερβολῆς
380 2434 540 2509 ἀκολασίας
570 2433 738 2516 ἀνελόντες,
770 2435 805 2496 αἱ
830 2433 935 2496 ἕνδεκα
962 2432 1054 2512 φυλαὶ
1081 2431 1137 2511 τὴν

120 2535 195 2613 μίαν
226 2533 327 2614 φολην
364 2532 557 2613 ἐ.ποίέμησαν
601 2527 666 2594 ἀλλ’
700 2531 802 2612 ἐπειδὴ
833 2530 883 2593 καὶ
915 2524 998 2594 ούτοι
1029 2531 1071 2606 είς
1102 2530 1137 2591 τα

118 2632 227 2694 εἴδωλα
249 2629 473 2713 ἐξεπόρνενσαν,
496 2630 554 2693 ἀπὸ
577 2654 630 2711 της
653 2640 723 2710 μιᾶς
745 2636 844 2710 φυλῆς
866 2631 901 2692 αὶ
920 2628 1024 2691 ενδεκα
1045 2627 1138 2708 φυλαὶ

119 2727 309 2808 ἐνικήθησαν
330 2727 381 2790 καὶ
407 2728 486 2803 άπαξ
508 2727 559 2790 καὶ
582 2729 636 2802 δίς.
682 2728 781 2790 ἔπειτα
802 2725 933 2789 κάκεῖνοι
955 2726 1137 2808 ἐξωλοθρεύ-

195 2915 228 2964 1⁶
247 2907 330 2963 Judd
346 2912 389 2975 21,
405 2913 447 2962 25,

194 3066 209 3113 2
225 3060 255 3115 ἐκ
269 3066 319 3128 τῆς
333 3077 380 3114 σια
381 3057 464 3131 γόνος
473 3060 571 3115 LP.-
580 3067 598 3114 4
612 3058 792 3120 ἀναπετάσας
801 3056 881 3112 ABG
894 3054 1094 3128 ἀναβαστασας
1107 3054 1136 3107 Ρ

121 3130 191 3184 -δ
215 3147 264 3188 om
284 3129 400 3185 44-
421 3135 534 3201 ὄναζιρ
536 3140 599 3195 αῖος
616 3130 726 3185 FV.—
752 3129 869 3200 ἵχάριν
892 3125 978 3183 θείαν
999 3125 1029 3180 Μ
1052 3121 1138 3180 θείαν

121 3219 172 3257 om.
187 3201 301 3257 Ba—
320 3200 464 3272 9ἐγίνετο
479 3202 586 3273 (γέγονε
585 3153 635 3272 eR)
654 3202 703 3256 καὶ
718 3202 769 3256 σύν
784 3201 880 3264 αύτοῑς
897 3199 947 3254 τὸν
961 3197 1065 3251 Πά-
1084 3216 1138 3251 κω-

120 3276 646 3379 μωδίαΡκωμωδιΕκωμάΒ.-
670 3312 762 3375 11θρ
763 3302 992 3376 ηρηνωδίαΡθ
995 3270 1083 3359 νδόΒ
1104 3333 1137 3342 -

122 3386 157 3434 14
176 3378 273 3451 ἤθελε]
293 3379 456 3451 ἐβούλετοΡ
475 3380 493 3448 ἠ
514 3380 608 3434 ούλετο
627 3381 710 3433 R.-
729 3384 764 3433 20
763 3327 919 3449 ηβενιαμὴν
937 3373 1084 3429 AFGHM
1104 3405 1138 3414 -

121 3457 157 3505 24
176 3451 225 3505 καὶ
242 3457 307 3505 σιτία
325 3449 400 3516 ἅπαξ
418 3467 468 3508 om

194 3606 211 3653 4
230 3600 278 3654 καὶ
292 3600 385 3664 ἁπλῶς
399 3601 414 3656 δ
430 3601 458 3667 ἐξ
473 3597 639 3673 ἐπαγγελίας
653 3600 824 3670 συλληφθεὶς
838 3599 886 3654 καὶ
901 3599 931 3654 ἐκ
944 3594 1052 3660 κοιλίας
1066 3617 1092 3667 μ.
1108 3596 1137 3649 Ρ.
