2617 3909
207 216 273 281 252
517 217 704 270 Γυαενιον
721 216 905 269 Μοκεκον

207 364 352 450 ἁμαρτίαν
372 366 511 446 μεγάλην,
534 364 584 426 καλ
602 364 811 446 ἐπορεύθησαν
829 364 861 425 ολ
876 363 938 426 υίολ
952 359 1071 446 Ἰσραὴλ
1092 363 1127 426 ἐν
1146 365 1224 449 τεάση

207 463 334 549 ὰμυρτίγ
355 459 508 545 Ἱεροβοὰμ
538 461 589 524 καλ
620 462 796 544 ἐλάτρευσαν
827 460 878 523 καλ
908 463 1139 543 κροσεναίνησαν
1166 469 1225 536 τοῖς

209 564 357 643 ματαίοις,
379 561 435 635 ἕως
457 553 493 623 ού
518 560 688 641 μετέστησεν
715 559 824 634 αύτοὰς
851 561 954 643 κύριος
978 558 1039 623 ὰιτὰ
1061 561 1223 642 προσώπου

207 660 300 722 αύτού
323 660 366 734 είς
385 655 566 740 Ἀσσυρίους.

181 842 193 882 ι
537 815 593 902 [β’
625 818 715 901 Περὶ
737 817 885 900 Ναβάτ]

274 943 363 1006 Μετὰ
390 943 422 1006 δὲ
445 940 598 1025 Ἱεροβοὰμ
630 943 797 1024 ἐβασίλευσε
824 941 932 1024 Ναβὰτ
957 943 1024 1017 υίὰς
1051 942 1150 1005 αύτού
1176 943 1223 1004 καί

206 1041 326 1122 ἐποίησε
348 1043 380 1105 τὰ
403 1042 538 1123 πονηρὸν
560 1041 689 1104 ἐνώτιον
710 1042 818 1122 κυρίου
835 1039 886 1102 καί
906 1040 1023 1123 ἐσφάγη
1040 1039 1103 1104 ὰττὰ
1121 1042 1223 1102 Βαασὰ

207 1141 383 1222 βασιλεύσας
405 1140 454 1220 ἔτη
478 1136 518 1222 β’.

545 1241 599 1327 [γ’.
631 1243 720 1327 Περλ
742 1243 885 1323 Βαασά.]

167 1396 193 1435 ιο
274 1371 362 1433 Μετὰ
386 1369 418 1433 δέ
441 1369 548 1451 Ναβὰτ
577 1370 744 1451 ἐβασίλευσε
767 1369 870 1432 Βαασὰ
896 1369 947 1431 καλ
969 1369 1090 1449 ἐποίησε
1113 1371 1148 1434 τὰ
1170 1393 1222 1432 τιο-

206 1469 301 1552 νηρὰν
323 1468 451 1531 ἐνώτιον
474 1468 581 1550 κυρίου
599 1466 649 1529 καὶ
668 1468 784 1549 ἐσφάγη
802 1467 835 1530 ἐν
853 1473 892 1552 τῷ
912 1465 1028 1552 ττολέμφ
1046 1469 1223 1550 βασιλεύσας

109 1590 256 1719 mmm]
279 1567 338 1627 ”⁶-
566 1652 618 1732 [δ’.
650 1653 739 1737 Περί
759 1647 863 1732 Ἦλά.]

273 1778 361 1841 Μετὰ
384 1777 416 1842 ὰέ
438 1779 541 1841 Βαασὰ
564 1779 750 1859 ἐβασίλευσεν
769 1772 844 1840 Ἦλὰ
867 1779 933 1852 υίὸς
955 1777 1049 1840 αύτού
1071 1778 1123 1840 καλ
1144 1779 1222 1842 ἐντοί-

166 1901 192 1942 ιι
205 1896 258 1958 ησε
285 1877 318 1939 τὸ
345 1878 480 1961 πονηρὸν
508 1877 635 1940 ἐνώπιον
663 1879 769 1959 κυρίου
796 1875 847 1938 καλ
874 1876 990 1959 ἐσφάγη
1016 1875 1077 1939 ὑπὸ
1106 1877 1221 1958 Ζαμβρὶ
1289 1924 1290 1945 ,

206 1977 380 2057 βασιλεύσας
403 1977 453 2056 ἐτη
474 1973 516 2060 β’.

536 2079 583 2162 [ε’.
616 2081 706 2165 Περὶ
729 2077 893 2163 Ζαμβρί]

272 2207 360 2270 Μετὰ
382 2206 415 2270 δὲ
434 2201 509 2269 Ἦλὰ
532 2206 699 2288 ἐβασίλευσε
722 2205 839 2287 Ζαμβρλ
861 2205 912 2267 καί
934 2204 1054 2285 ἐποίησε
1075 2207 1110 2270 τὰ
1128 2230 1220 2285 ττονη

205 2306 259 2387 ρὰν
286 2305 415 2368 ἐνώπιον
441 2306 548 2388 κυρίου
575 2304 625 2366 καλ
653 2305 770 2384 ἐκαύθη
798 2304 831 2366 ἐν
859 2305 931 2388 οἴκῳ
954 2304 1141 2387 προσφυγὼν
1163 2305 1218 2366 ύιιὰ

165 2427 191 2465 νο
206 2413 265 2464 τῶν
288 2404 436 2482 πολεμίων
459 2404 634 2483 βασιλεύσας
657 2403 708 2482 ἐτη
730 2399 782 2484 ιβ’.

538 2577 592 2664 [ς’.
626 2579 715 2662 Περί
735 2577 883 2661 Ἀγαάβ]

272 2704 360 2766 Μετὰ
392 2703 424 2767 δέ
451 2704 568 2787 Ζαμβρλ
600 2705 786 2785 ἐβασίλευσεν
812 2701 921 2785 Ἀγαὰβ
950 2703 1016 2778 υίὸς
1049 2705 1142 2768 αὐτοῦ
1171 2703 1218 2765 καὶ

204 2801 322 2882 ἐποίησε
349 2804 382 2865 τὸ
409 2803 544 2885 πονηρὸν
571 2803 700 2866 ἐκύκων
726 2805 832 2885 κυρίου
860 2801 910 2864 καλ
937 2801 1054 2884 ἐσφάγη
1076 2802 1128 2864 καὶ
1150 2801 1218 2864 ὰτιέ-

276 3007 291 3055 3
311 3000 327 3055 ὁ
346 3001 442 3070 κύριος
455 3000 591 3057 BOLNR
601 3000 683 3056 Ooisl.
700 3034 732 3042 —
753 3007 769 3055 6
789 2999 964 3074 ἐβασίλευσεν
983 3000 1056 3072 άβὰτ
1070 3001 1167 3055 ΗΜΡ.
1184 3032 1215 3040 -
1288 3012 1290 3029 ¹

205 3078 219 3126 '1
240 3074 333 3144 βαασᾶ
347 3073 396 3126 PH
415 3072 526 3144 βαασσὰ
539 3073 562 3126 Β
586 3075 660 3145 βασᾶ
674 3072 700 3126 V
718 3072 848 3144 σαβαασὰ
862 3072 894 3126 D.
913 3104 949 3113 ·-
969 3078 1002 3126 10
1021 3075 1117 3145 βαασᾶ
1134 3071 1216 3126 FHM

203 3143 314 3217 βαασσὰ
327 3145 349 3198 L
355 3146 477 3270 βαασσᾶ
491 3144 514 3197 Β
556 3144 611 3199 ασὰ
625 3142 708 3198 Coisl.
728 3143 858 3216 σαβαασὰ
871 3143 905 3197 D.
921 3175 954 3184 -
974 3149 1008 3198 14
1027 3145 1121 3217 βαασᾶ
1135 3142 1216 3196 FHM

203 3215 316 3287 βαασὰν
329 3215 353 3268 D
418 3215 509 3270 αασσὰ
565 3214 638 3287 βασὰ
652 3214 735 3270 Goisl.
750 3247 785 3256 —
801 3214 854 3284 ἡλᾶ
868 3214 921 3267 ΗΡ
935 3221 960 3270 et
973 3222 1006 3270 αλ
1018 3215 1073 3269 vid.
1088 3215 1111 3268 F
1131 3213 1176 3268 λλᾶ
1190 3213 1217 3267 Μ

202 3286 256 3354 ἠλὰ
269 3286 295 3339 R
312 3285 366 3354 ἡλᾶ
380 3287 403 3340 Β
431 3330 436 3340 .
455 3319 489 3327 -
506 3292 538 3341 16
553 3285 659 3409 ζαμῖβρὴ
673 3285 856 3341 HMRcoisl.
874 3287 980 3359 ζαμβρῆ
994 3285 1051 3339 ΒΡ.
1068 3317 1102 3326 -
1118 3291 1152 3339 18
1167 3285 1218 3354 ἡλᾶ

202 3355 252 3407 FH
276 3355 320 3410 ἱλᾶ
338 3356 368 3409 Μ
386 3356 441 3425 ήλὰ
454 3356 505 3411 RV
522 3352 575 3426 ἦλᾶ
624 3400 629 3409 .
649 3388 684 3396 -
703 3357 808 3428 ζαμβρὴ
822 3356 974 3411 ΜΕΟοίεΙ.
990 3359 1096 3429 ζαμβρῆ
1112 3355 1134 3409 Ρ
1152 3361 1218 3424 ζαμ-

204 3425 272 3494 wc
284 3425 312 3478 Η
330 3428 451 3497 caupone
464 3427 494 3480 B.
509 3458 544 3467 —
558 3432 592 3480 22
607 3427 714 3497 ζανβοὰ
728 3426 845 3481 Rcoisl.
865 3430 970 3499 ζανβοῆ
984 3427 1042 3481 ΒΜ
1061 3427 1166 3499 (ww)
1185 3426 1218 3479 fl.

276 3595 291 3640 3
312 3589 361 3652 ἕως
380 3599 429 3644 σοῦ
449 3591 478 3644 Ρ.
