2617 3909
197 231 262 297 238
508 231 695 283 Γπαουιου
712 231 895 282 Momor
1284 178 1286 251 λ

196 381 283 444 πόλιν
307 381 496 464 δοριάλωτον,
519 373 581 441 εἶτα
603 379 769 462 προστάξας
791 378 861 452 τοὺς
884 380 1062 460 στρατιώτας
1084 377 1219 458 ἀφειδῶς

196 480 316 543 κόπτειν
347 477 417 551 τοὺς
447 478 742 561 παρατυγχάνοντας,
769 475 964 561 ἀνῃρέθησαν
991 477 1137 559 μυριάδες
1164 475 1218 556 ιη’.
1285 472 1287 563 Q

196 577 418 656 κατατολμήσας
445 567 502 637 οὖν
529 574 579 637 καλ
605 575 648 649 εἰς
670 575 703 638 τδ
730 573 861 656 ἀγέασμα
882 573 1026 636 εἰσελθὼν
1049 575 1084 637 έν
1106 573 1218 656 δπερη-
1285 568 1286 621 3

196 677 293 760 φανλμ
314 678 408 759 πολλῇ
431 672 481 735 καλ
501 674 610 753 στήσας
632 674 736 755 βωμόν
753 672 804 735 καλ
821 674 956 754 εἴδωλον,
978 672 1133 755 βδέλυγμα
1151 673 1217 754 ἕρη-

75 771 78 778 ’
171 773 327 852 ομάσεως,
349 770 399 832 καλ
422 771 473 834 τὸν
496 772 571 835 ναδν
595 772 703 851 μιάνας
725 767 766 832 δι’
789 771 970 852 ἀκαθάρτων
992 777 1115 832 θυσιῶν
1139 773 1217 855 ἱερὸν
1286 764 1287 767 “

198 869 272 944 Διὸς
287 863 449 948 Ὀλυμπίου
468 870 715 951 προσηγόρευσεν,
733 868 784 931 καλ
800 871 895 942 οὕτως
912 863 962 948 ἐφ’
978 869 1105 949 ὑψηλοῦ
1125 868 1216 931 τόπου

198 967 337 1047 καθίσας,
359 966 410 1029 καλ
432 977 491 1029 τῶν
514 967 738 1048 στρατευμάτων
761 967 840 1052 αύτῷ
859 966 1086 1048 παρεστηκότων
1109 969 1216 1031 κυπλό-

198 1071 254 1128 θεν
272 1065 417 1146 ἐνόπλων,
435 1064 565 1128 έκέλευσε
584 1070 645 1139 τοῖς
664 1066 846 1146 δορυφόροις
864 1065 917 1127 ’ἕνα
935 1064 1058 1127 ἕκαστον
1071 1060 1216 1147 Ἑβραῖοι

198 1163 381 1226 ἐπισπᾶσθαι
402 1162 453 1225 καλ
474 1172 569 1244 κρεῶν
592 1164 726 1244 χοιρείων
744 1162 794 1225 καὶ
812 1163 1021 1226 εἰδωλοθύτων
1038 1161 1216 1244 ἀναγκάζειν

159 1285 185 1324 ιο
198 1261 406 1344 ἀπογεύεσθαι.
447 1260 524 1323 εἶδέ
541 1284 618 1334 τινες
636 1261 678 1341 μή
697 1259 815 1324 θέλοιεν
834 1271 1068 1343 μιαροφαγήσαι,
1091 1263 1216 1336 τούτους

197 1359 399 1442 τριχισθέντας
426 1357 622 1442 ἀναιρεῖσθαι.
668 1363 786 1420 πολλῶν
814 1357 846 1421 δέ
873 1358 1165 1440 συναρπασθέντων,
1187 1361 1215 1434 ἐξ

198 1451 240 1520 άιν
260 1454 397 1538 Ἐλεάζαρ
424 1480 468 1531 τις
495 1467 554 1518 τῶν
581 1458 794 1540 πρωτευόντων
820 1456 1027 1539 γραμματέων,
1052 1456 1133 1540 ἀνὴρ
1155 1456 1215 1538 ήδη
1288 1448 1289 1467 ’

197 1555 390 1637 προβεβηκὼς
421 1555 475 1634 τήν
507 1552 626 1634 ήλικλαν
657 1553 836 1635 ήναγιιάζετο
864 1565 1096 1637 μιαροφαγήσαι.
1144 1555 1215 1620 δδὲ

100 1677 139 1718 τοι
152 1675 183 1715 M.
197 1654 249 1715 τὸν
272 1649 332 1732 μετ’
358 1653 490 1726 εὐκλείας
512 1653 646 1714 θάνατον
670 1658 781 1732 μᾶλλον
803 1652 823 1733 ἢ
846 1654 899 1717 τὸν
920 1653 995 1714 κατὰ
1014 1654 1130 1733 μόσους
1148 1657 1215 1735 βίον

159 1773 184 1814 ιο
197 1750 415 1829 ἀναδεξάμενος
441 1749 627 1831 αὐθαιρέτως
653 1749 702 1812 έπλ
728 1752 761 1813 τὸ
788 1752 944 1823 τύμπανον
965 1752 1143 1834 προσήγετο,
1165 1752 1214 1813 καὶ
1289 1738 1290 1791 7

198 1849 274 1912 οότω
299 1847 369 1927 μετὰ
395 1852 512 1909 πολλῶν
538 1848 681 1931 πρότερον
704 1849 849 1928 αἰκισμῶν
872 1848 923 1911 καλ
947 1851 1097 1930 μαστίγων
1119 1849 1213 1912 διταλ-

197 1947 286 2021 λάξας
308 1947 360 2009 τόν
382 1947 450 2027 βίον
473 1946 509 2008 οὐ
529 1946 621 2026 μόνον
644 1951 707 2020 τοῖς
728 1945 807 2020 νέοις
824 1945 898 2008 ἀλλά
915 1946 966 2008 καλ
984 1953 1046 2022 τοῖς
1062 1950 1212 2030 προβεβη-

197 2047 263 2108 κόσι
286 2045 338 2107 τὸν
361 2043 468 2106 ἑαυτοῦ
490 2044 624 2106 θάνατον
646 2043 813 2125 ὑπόδειγμα
834 2045 1041 2126 γενναιότητος
1063 2045 1115 2106 καὶ
1138 2071 1213 2127 μνη-

198 2143 329 2222 μόσυνον
357 2140 461 2223 ἀρετῆς
483 2140 644 2204 κατέλιπεν.
691 2135 762 2222 μεθ’
788 2139 824 2203 ὃν
850 2141 900 2204 καλ
928 2141 1011 2204 ἀλλοι
1037 2141 1116 2217 τινὲς
1143 2144 1214 2206 ἑπτὰ
1290 2128 1291 2139 ¹

157 2265 184 2304 εο
197 2238 321 2319 ἀδελφοὶ
344 2238 414 2319 μετά
437 2240 546 2321 μητρὸς
569 2239 721 2321 διαφόρως
743 2239 974 2321 βασανισθέντες
995 2240 1049 2303 τόν
1066 2251 1121 2302 τοῦ
1140 2266 1213 2324 μορ

197 2340 299 2419 τυρίου
322 2336 470 2416 στέφανον
493 2335 632 2412 ὡσαύτως
654 2337 845 2416 ἀνεδήσαντο.

264 2435 340 2518 Περὶ
371 2429 414 2496 ὧν
442 2435 457 2499 ό
486 2435 575 2518 μέγας
602 2434 766 2518 Γρηγόριός
797 2452 904 2515 φησιν·
932 2437 1027 2510 οὕτως
1058 2435 1212 2516 ἀπήλαυσε

197 2543 249 2613 τῆς
281 2534 444 2616 ἱερωσύνης
472 2531 487 2595 δ
515 2539 599 2608 θεῖος
624 2529 761 2617 Ἐλεάζαρ
793 2532 923 2614 μυηθεὶς
953 2533 1004 2595 καὶ
1031 2535 1152 2613 μυήσας
1179 2536 1213 2596 τά

197 2631 369 2715 ἐπουράνια,
391 2630 442 2693 καλ
464 2631 500 2694 οό
519 2637 580 2706 τοῖς
600 2631 714 2706 ἔξωθεν
731 2632 902 2714 ῥαντισμοῖς
923 2632 975 2694 τὸν
991 2626 1110 2713 Ἰσραήλ
1129 2631 1213 2715 ἅγιά-

270 2801 495 2870 6-11J0seph.
515 2803 545 2856 in
563 2801 650 2857 Μοοο.
671 2820 711 2872 ep.
732 2808 756 2871 5,
776 2808 823 2870 ⁶13
838 2809 880 2857 52.
900 2835 934 2844 —
957 2809 1054 2873 12⁸qq.
1073 2803 1107 2859 H.
1123 2804 1211 2861 Μυοο,

198 2879 339 2942 6,18οηη.
368 2904 403 2912 -
431 2878 535 2942 λλ-γ.
556 2878 620 2942 289,
641 2879 656 2928 ‘1
681 2873 793 2946 (ἕτερον.
818 2874 886 2929 Naz.
908 2873 953 2928 Or.
975 2880 1006 2929 15
1026 2877 1083 2944 (22)
1113 2892 1157 2945 cp.
1180 2881 1211 2930 10

197 2944 294 3014 Migne
312 2943 389 2997 Tom.
405 2949 448 3010 35,
463 2949 514 2997 929
524 2944 555 2998 B.

270 3101 284 3148 1
304 3093 482 3164 δορυάλωτον
500 3098 576 3166 (δωρ.
591 3095 662 3166 ΗΜ)
680 3096 877 3151 ABFHLMR
897 3127 930 3136 —
953 3104 1012 3158 τοῖς
1030 3098 1212 3164 στρατιώταις

197 3166 247 3220 BL
257 3165 343 3220 Mace.
365 3197 397 3206 -
417 3172 433 3220 ὅ
452 3165 501 3220 διὰ
515 3165 689 3236 ἀκαθάρτων
702 3166 849 3221 BDHLV.
863 3199 897 3209 —
917 3171 968 3221 18
987 3163 1114 3223 ἐνόπλων
1132 3172 1209 3222 κυκλ.

197 3237 253 3291 AB.
272 3269 305 3278 -
325 3242 340 3291 ‘1
359 3238 537 3294 κόκλοθενθ
563 3238 709 3294 κόκλωθεν
722 3239 783 3294 AN.
802 3271 836 3280 -
855 3245 871 3293 9
890 3235 1005 3309 χοιρίων
1020 3237 1134 3293 ΟΗΜΡ
1170 3260 1211 3293 οι-

198 3307 269 3374 ρέων
292 3309 349 3364 AR.
373 3341 408 3350 -
437 3316 469 3363 11
492 3307 692 3380 τρογισθόντας
714 3310 801 3364 FJos.
821 3341 855 3350 -
885 3315 916 3364 19
940 3307 1100 3366 κατέλειπεν
1123 3309 1144 3365 G
1181 3311 1211 3364 Μ

198 3379 394 3434 καταλέλοιπεν
413 3379 442 3432 L.
463 3411 496 3420 -
515 3376 582 3447 μεθ’
598 3375 638 3433 ὧν
657 3382 763 3450 (μεθῶν
782 3381 847 3450 ΑΜ)
865 3380 1059 3435 AHLMPRV.
1123 3447 1127 3451 ⁸

270 3542 286 3589 3
300 3537 332 3591 τὸ
346 3537 428 3606 άγιον
441 3534 566 3604 ἀγίασμα
579 3535 609 3589 Ρ.
624 3567 658 3578 -·
680 3543 712 3590 14
728 3538 812 3609 κατὰ]
826 3538 895 3606 μετὰ
908 3539 1027 3593 ΡΜκοό.
1041 3571 1077 3580 -
1091 3545 1126 3593 20
1140 3540 1210 3609 μετὰ

199 3606 301 3674 μητρός
319 3608 438 3676 ἀδελφοὶ
456 3605 486 3660 P.
505 3637 540 3646 -
559 3612 592 3659 22
611 3607 676 3674 περὶ
694 3602 734 3661 ὧν
752 3609 801 3662 καλ
820 3607 834 3662 ό
852 3609 883 3664 Ρ.
