2617 3909
532 214 733 266 PRAEFATIO
1080 216 1144 266 XLI

118 380 211 441 quam
234 362 439 441 disfingiutur.
456 366 461 419 s
473 362 622 425 :Secunda
644 382 750 423 manus
772 364 861 423 iuitio
875 363 983 424 ‘multa
994 366 1141 441 correxit,

117 454 223 530 postea
247 452 479 531 orthographica
496 454 643 531 corrigere
661 450 770 513 menda
788 452 861 513 satis
878 452 995 513 habuit.
1015 475 1018 479 ⁴
1037 452 1142 513 Veluti

117 562 147 619 p.
168 543 224 615 19,
247 543 286 600 16
311 542 343 600 16
366 544 438 602 noto
460 542 514 601 illo
539 542 658 601 oraculo
684 540 791 602 Croeso
813 544 878 619 regi
901 542 982 601 edito
1007 542 1142 602 omnium

116 630 269 690 librorum.
278 630 413 709 noiupbc
428 631 557 705 delevit:
569 634 604 691 ut
617 651 737 691 versum
749 631 957 691 hexametrum
973 631 1145 710 refingeret,

117 740 147 797 p.
168 720 289 793 20,.216
314 721 405 796 sup'ia
426 721 518 779 verba
540 717 592 780 τὸν
614 718 650 779 τὰ
673 718 810 799 ἀλλότριοι
825 752 864 762 -
880 717 1038 799 ἐφιέμενον
1060 719 1141 797 quod

118 811 147 869 ei
175 808 361 869 emendatius
372 830 379 865 ¹.
389 809 549 869 videbatur
577 818 637 869 τῶν
664 806 824 888 ἀλλοτρίων
852 810 985 886 scripsit,
1017 810 1079 869 6116
1109 810 1145 869 id

117 916 220 977 genus.
259 896 324 967 Qua
338 898 415 957 inre
435 901 630 961 correctorem
648 918 709 958 nou
721 898 892 959 adhibuisse
911 900 1005 959 alium
1022 898 1143 973 librum,

117 986 172 1059 sed
199 986 236 1045 de
264 986 434 1047 coniectura
460 990 606 1063 mutasse,
637 988 742 1048 multis
769 988 843 1047 locis
873 992 1013 1065 apparet,
1045 988 1142 1048 voluti

117 1096 151 1153 p.
168 1077 221 1151 87,
237 1076 265 1135 6·
280 1095 334 1152 pro
357 1073 447 1148 ἑαυτὰ
470 1076 627 1145 substituit
649 1074 767 1156 ἑαυτοῦ,
790 1095 850 1135 606
868 1074 921 1137 ἐὰν
938 1075 984 1156 τὰ,
1006 1098 1035 1154 p.
1056 1080 1139 1152 99,1
1175 1079 1177 1081 ’

116 1184 173 1243 pro
197 1163 318 1233 πάντων
342 1166 451 1225 codicis
479 1163 559 1246 παρὰ
587 1164 708 1226 πάντων
730 1184 795 1225 606
820 1165 952 1245 πάντως,
980 1166 1043 1225 alia
1066 1167 1141 1225 eius·

116 1254 208 1316 modi.
255 1254 359 1314 Tertia
381 1273 488 1315 manns
515 1254 564 1315 hio
586 1255 650 1315 illic
668 1250 801 1315 'correxit
826 1256 953 1316 fortasse
980 1255 1041 1314 6110
1063 1254 1142 1314 libro

117 1343 264 1403 adhibito.
310 1343 342 1402 P.
363 1345 437 1419 619,
462 1347 496 1419 9,
528 1363 587 1421 quo
619 1345 651 1403 in
683 1364 772 1405 versu
802 1363 898 1404 vacuo
929 1344 1034 1403 relicto
1066 1340 1147 1424 ἀρχὴ,

116 1433 275 1493 Anastoaii
305 1434 496 1509 imperatoris
529 1432 726 1512 significanda
759 1434 871 1509 fuerat,
908 1433 1001 1493 lector
1033 1433 1142 1509 aliquis

116 1521 211 1596 narba
234 1520 399 1602 νικηφόρος
420 1518 436 1582 ὁ
454 1520 592 1594 ταπεινὸς
614 1520 828 1603 ἀναγινώσκων
849 1530 941 1582 ταῦτα
963 1521 1075 1582 ninives
1093 1543 1141 1582 ex·

115 1612 228 1677 hibuit.
713 1658 716 1661 ,

124 1767 128 1779 Ι
186 1700 322 1773 Adibris
350 1719 425 1777 quos
448 1703 537 1761 antea
562 1700 705 1779 descripsi
727 1701 757 1760 L
780 1700 898 1775 duabus
920 1701 1009 1761 rebus
1033 1701 1141 1760 differt.

116 1790 220 1866 Atque
252 1809 307 1867 per
337 1790 509 1851 universum
524 1790 675 1862 'codicem'
691 1790 787 1851 multo
814 1793 958 1868 pauciora
985 1793 1143 1864 66616616

118 1878 315 1954 scriptoribus
338 1878 547 1939 ecclesiasticis
571 1883 718 1956 excerpta,
739 1881 772 1938 in
790 1880 955 1957 posteriore
974 1881 1037 1939 eius
1055 1882 1142 1956 parte

116 1987 167 2033 res
190 1971 291 2049 gestae
314 1967 435 2028 uberius
459 1972 644 2041 enarrantur.
690 1969 719 2028 A
740 1989 769 2045 p.
790 1970 865 2043 467,
885 1971 927 2029 20
950 1969 1020 2027 inde
1042 1970 1142 2042 tentus

117 2056 208 2128 initio
235 2057 413 2133 paullisper,
440 2076 509 2119 mox
536 2060 632 2135 magis
660 2059 816 2136 magisque
840 2061 981 2138 augetur,
1008 2059 1044 2117 ut
1066 2076 1142 2132 quae

118 2148 226 2207 ceteris
255 2146 343 2223 ¹libris
375 2148 567 2207 continentur
599 2147 810 2207 additamentis
848 2147 933 2224 quasi
968 2147 1147 2221 obruantur.=

118 2234 209 2307 Haec,
226 2235 432 2306 additamenta
454 2235 612 2313 perpaucis
635 2236 766 2313 exceptis
783 2234 925 2317 11166666
948 2234 1143 2309 eTheodosii

118 2323 256 2398 Meliteni
279 2324 418 2400 chronico
436 2325 587 2401 repetiuit,
610 2325 685 2401 quin
703 2328 795 2385 etiam
812 2325 881 2385 inde
900 2345 919 2385 6
937 2325 1109 2385 Juetiniano
1127 2324 1143 2382 I

118 2413 204 2485 illius
222 2416 425 2473 narrationem
443 2433 538 2490 paene
555 2416 705 2493 integram
722 2416 843 2490 recepit.
880 2414 927 2473 Ex
941 2413 1045 2474 eodem
1058 2413 1147 2473 chro·.

119 2504 188 2579 nico
207 2501 333 2581 Georgii„
345 2522 420 2580 opus
439 2504 627 2563 continuavit
645 2506 676 2573 et
693 2505 783 2563 610611
803 2502 830 2562 V
847 2503 886 2563 ad
903 2506 1031 2574 mortem
1048 2521 1143 2579 usque

119 2592 250 2653 Romani
272 2590 424 2668 Lacapeni
446 2612 474 2669 p.
496 2593 627 2667 851,19
652 2592 697 2651 ed.
715 2592 791 2652 Mur.
810 2592 958 2670 perduxit.
994 2594 1029 2652 B.
1049 2594 1079 2651 Ζ.
1098 2590 1144 2650 VI

119 2701 154 2757 p..
168 2682 313 2757 238sqq,
333 2681 536 2743 demonstrari
557 2681 770 2747 Laurentiano·
787 2701 848 2741 non
871 2682 1019 2741 contineri
1039 2682 1142 2760 genui·

119 2789 191 2829 num
216 2770 393 2847 chronicon,
408 2770 459 2831 sed
477 2770 625 2843 studuisse
648 2771 805 2830 librarium
822 2790 870 2831 res
885 2772 1036 2843 asceticae
1058 2771 1143 2829 theo-

120 2859 236 2937 logicas
258 2860 420 2935 polemioas
442 2878 584 2935 resecare,
606 2861 704 2921 fusius
721 2879 844 2933 nauare
861 2880 916 2931 res>
928 2862 1035 2939 gestas.
1077 2858 1144 2929 Qua

119 2948 153 3015 in
180 2967 213 3007 re
241 2966 300 3009 606
327 2948 497 3023 adhibuisse
526 2949 612 3010 illum
640 2949 772 3010 codicem
800 2950 829 3009 V
846 2949 958 3009 ibidem
987 2947 1146 3025 explicavi..

120 3036 259 3110 Eundem
276 3057 337 3097 non
355 3037 479 3098 verbum
497 3038 719 3110 everboiniis
733 3038 878 3116 partibus,
898 3057 972 3115 quas
991 3058 1007 3097 e
1022 3036 1143 3114 Georgii

121 3126 261 3187 chronico
289 3125 467 3204 desumpsit,
493 3130 609 3187 textum
631 3130 882 3205 bansscripsisse,
914 3127 966 3187 sed
987 3127 1085 3186 multa
1107 3146 1144 3185 ex

120 3214 248 3276 arbitrio
270 3219 415 3295 mutasse,
442 3234 502 3275 non
527 3218 636 3276 mirum
659 3221 712 3277 est.
759 3216 872 3287 Quibus
896 3216 1032 3276 omnibus
1054 3215 1143 3276 rebus

120 3302 252 3365 efficitur
272 3296 388 3365 'codicis
409 3305 439 3364 L
465 3305 503 3365 ad
527 3308 643 3365 textum
670 3306 888 3366 restituendum
914 3304 1048 3365 valorem
1074 3305 1143 3363 reli·

122 3392 247 3469 quorum
267 3393 407 3454 ‘codicum
429 3396 575 3455 minorem
598 3414 669 3456 csse.
889 3396 892 3400 ’
1014 3393 1017 3398 ⁴

128 3520 133 3525 -
167 3482 343 3547 :Adhibuit
371 3486 472 3543 autem
492 3482 648 3545 ¹librarius·
672 3485 804 3544 codicem
831 3483 1027 3559 archetypum
1058 3482 1145 3541 libris

124 3569 244 3632 abac
262 3590 408 3649 perquam
431 3572 560 3632 affinem.
603 3574 710 3649 Neque
732 3574 836 3650 magni
857 3572 1002 3631 momenti
1027 3571 1074 3629 est
1093 3570 1145 3627 de·
