2617 3909
529 243 731 294 PRAEFATIO
1021 240 1141 293 mm

114 394 234 469 Primus
250 395 304 470 qui
317 394 453 468 superest
465 396 605 451 numerus
624 388 663 450 οἷοὶ
680 392 713 449 in
726 391 747 449 J
748 396 838 452 osuae
852 410 945 469 regno
958 411 990 467 p.
1007 391 1080 468 142,
1096 392 1137 449 22

111 484 286 559 adscriptus
309 483 368 555 est,
390 481 515 540 ultimus
538 480 629 557 primi
652 480 764 540 ordinis
788 483 835 541 est
855 476 897 559 p'r.
945 478 1065 556 Singuli
1086 498 1140 538 nu-

114 575 275 634 meri-non
298 571 396 631 solum
418 569 503 628 iuxta
527 570 661 645 capitum
682 571 772 629 initia
796 570 952 645 adscripti,
975 568 1027 629 sed
1049 568 1142 627 iidem

114 666 149 723 in
172 663 297 738 summis
321 659 461 719 solimis
484 658 671 737 marginibus
694 661 817 735 repetiti
838 662 917 720 sunt.
963 658 1037 718 Post
1060 659 1140 733 capi-

114 756 185 811 tum
207 766 345 809 numeros
368 750 548 827 argumenta
569 750 668 807 textus
691 748 855 809 enuntiatis
884 768 901 807 a
924 748 1075 824 particula
1098 744 1143 806 ὅτι

115 838 331 917 insipientibus
359 838 535 914 plerumque
563 838 659 897 firmus
687 838 916 913 adumbrautnr3
943 838 976 895 in
1003 835 1143 896 brevibus

115 928 278 1007 capitibus,
301 926 398 986 veluti
418 928 452 985 in
475 945 578 987 eorum
606 926 714 1002 quihus
734 926 770 988 de
788 926 972 987 ludaeorum
994 924 1142 986 iudicibus

118 1020 224 1097 agitur
242 1017 402 1092 plerisque,
420 1019 451 1076 et
469 1017 573 1076 multis
596 1015 650 1075 ubi
667 1014 850 1077 ludaeorum
870 1034 956 1095 reges
973 1017 1143 1088 numantia,

118 1110 211 1168 notae
225 1106 297 1165 illae
312 1104 416 1165 eadem
430 1106 491 1165 fere
506 1106 661 1165 continent
675 1123 752 1181 quae
765 1108 873 1166 textus.
906 1106 941 1164 E.
955 1125 984 1183 g.
997 1124 1027 1180 p.
1039 1104 1143 1176 151,5

118 1218 153 1273 in
180 1214 318 1290 margine
350 1215 461 1273 exstat:
493 1216 537 1271 ad
564 1210 609 1272 ὅτι
637 1210 709 1289 μετὰ
732 1204 882 1291 Ἀβιμέλεχ
909 1209 1012 1293 γέγονε
1042 1208 1145 1291 κριτὴς

123 1322 214 1381 eura
237 1316 286 1397 ἔτη
309 1314 366 1398 κγ’,
393 1337 422 1393 p.
443 1319 559 1393 151,7
588 1323 605 1379 λ
633 1318 679 1379 ὅτι
704 1317 775 1397 μετὰ
801 1320 889 1380 Oula
915 1316 1017 1400 γέγονε
1044 1314 1146 1396 κριτὴς

115 1402 200 1488 ’inho
224 1406 274 1485 ἔτη
296 1402 344 1486 ἰβ’
367 1410 398 1466 et
421 1409 464 1467 sic
482 1408 628 1486 deinceps.
666 1409 753 1469 Aliae
772 1409 870 1469 notae
884 1410 917 1468 in
939 1409 1074 1485 margine
1097 1423 1146 1464 er·

119 1501 206 1559 stant
227 1515 403 1574 perpaucae.
451 1494 559 1557 Omnes
587 1500 648 1558 fere
676 1501 793 1557 numeri
821 1499 936 1574 appieti
958 1498 1030 1557 sunt
1050 1495 1147 1554 initiis

120 1605 284 1666 regnorum
306 1586 440 1645 iudicum
467 1588 499 1645 et
524 1606 629 1666 regum
652 1587 849 1662 Judaeorum,
876 1607 981 1665 regum
1002 1585 1147 1645 Israeliti-

120 1695 241 1750 corum,
263 1675 505 1752 Assyriacorum‚
537 1676 729 1752 syriacorum
756 1679 840 1736 iuxta
866 1677 971 1736 verba:
1000 1671 1088 1734 Μετὰ
1115 1669 1147 1732 δὲ

121 1765 176 1827 τὸν
208 1763 292 1825 δεῖνα
323 1761 510 1842 ἐβασίλευσεν
542 1763 559 1827 ὁ
591 1765 682 1826 δεῖνα.
728 1766 764 1849 In
795 1765 925 1827 secundo
957 1772 1149 1824 numerorum

121 1853 229 1915 ordine
262 1854 351 1912 ahter
381 1872 428 1913 res
461 1872 493 1913 se
519 1853 617 1915 hahet.
663 1857 765 1930 Atque
797 1857 931 1932 capitum
960 1853 1049 1913 initia
1081 1871 1149 1913 eum

121 1945 320 2020 imperiorum
347 1960 464 2019 semper
491 1934 674 2022 congruunt.
718 1944 813 2004 Juxta
842 1945 917 2004 haec
946 1946 977 2002 et
1005 1959 1149 2001 numerus

122 2032 295 2107 adscriptus
319 2035 365 2090 est
392 2035 422 2091 et
448 2033 537 2093 initio
565 2053 674 2095 nomen
700 2034 890 2111 imperatoris
918 2050 990 2092 casu
1015 2032 1150 2091 uomina-

122 2125 190 2183 tivo
219 2124 273 2180 aut
300 2117 374 2201 ἀρχὴ
408 2128 461 2199 τῆς
487 2122 637 2201 βασιλείας
666 2131 721 2184 τοῦ
748 2124 844 2201 δεῖνα,
878 2142 896 2183 a
922 2123 1023 2181 Nerva
1054 2138 1150 2195 usque

122 2212 303 2288 plerumque
332 2229 473 2271 numerus
500 2212 589 2273 solus.
635 2212 719 2273 Haec
751 2212 873 2272 secundi
904 2210 1017 2270 ordinis
1050 2209 1151 2284 capita

124 2300 260 2359 numeris
288 2299 447 2375 adscriptis
474 2302 507 2359 in
533 2302 739 2380 paragraphus
769 2302 991 2376 discemuntur3
1023 2317 1152 2373 quorum

126 2388 262 2466 primum
288 2407 349 2447 non
373 2406 391 2446 a
414 2390 523 2465 capitis
545 2391 634 2451 initio
662 2394 794 2468 incipere
812 2393 923 2450 mirum
946 2392 998 2449 est.
1043 2387 1152 2446 Exstat

126 2480 231 2539 autem
255 2496 279 2535 a.
299 2498 326 2556 g.
350 2477 434 2536 iuxta
456 2477 574 2539 Phocae
598 2482 719 2559 imperii
740 2482 863 2541 initium
885 2479 1013 2558 poca,
1034 2478 1075 2536 10
1098 2496 1152 2533 nu·

127 2603 228 2644 merus
256 2583 305 2662 ξβ,
332 2586 419 2643 iuxta
445 2605 473 2661 p.
495 2587 573 2663 662,
594 2589 634 2647 18
660 2584 680 2648 ἆ
706 2580 907 2672 (adscriptum
933 2587 980 2647 est
1006 2581 1073 2663 περί
1099 2590 1152 2643 τοῦ

126 2672 268 2733 θανάτου
282 2672 460 2754 Μανρικίου
478 2672 528 2735 καὶ
546 2684 605 2737 τῶν
624 2674 736 2738 τέκνων
754 2668 873 2758 αὐτοῦ),
890 2678 975 2736 iuxta
993 2695 1022 2751 p.
1044 2674 1117 2747 664,
1133 2673 1151 2737 ,6

127 2782 149 2859 β
177 2772 450 2863 (adscriptumest
477 2779 544 2863 περί
570 2792 623 2862 τῆς
651 2784 810 2863 δυστυχίας
839 2791 899 2843 τῶν
919 2776 1072 2860 Ῥωμαίων
1103 2775 1155 2839 καὶ

130 2878 184 2931 τοῦ
207 2865 332 2949 ἀπείρου
355 2869 551 2949 θανατικοῦ),
578 2875 663 2932 iuxta
690 2894 719 2951 p.
740 2875 819 2948 665,
840 2874 881 2932 14
908 2870 927 2952 ᾧ
955 2863 1155 2953 (adscriptum

130 2960 177 3021 cst
209 2954 276 3039 περὶ
310 2960 402 3019 Φωκᾶ
433 2967 487 3020 τοῦ
516 2960 667 3042 τυράννου
698 2961 749 3023 καί
780 2958 888 3023 ὁποίαν
919 2961 1008 3039 δίκην
1039 2948 1155 3037 ἔτισεν).

126 3048 257 3107 Praeter
279 3049 359 3109 locos
386 3048 439 3108 uhi
465 3053 583 3110 numeri
605 3056 725 3115 exstant
751 3071 865 3129 paucae
892 3050 1060 3126 adscriptae
1085 3049 1156 3116 sunt

130 3140 223 3199 notae
250 3138 438 3215 marginales.
483 3139 512 3197 A
539 3139 694 3202 Michaelis
721 3141 770 3201 111
798 3160 892 3217 usque
918 3140 1045 3216 imperio
1072 3137 1157 3197 chro-

133 3228 222 3285 nicon
250 3245 310 3285 uon
337 3245 355 3285 a
383 3225 512 3305 Georgia
540 3232 710 3291 conlectum
737 3233 790 3291 sed
818 3229 938 3290 aliunde
966 3227 1156 3303 desumptum

128 3318 187 3374 eat.
226 3313 334 3391 capita
357 3316 446 3376 aliter
469 3316 706 3396 distinguuntur.
742 3320 823 3380 Ante
841 3320 900 3378 duo
920 3317 1030 3377 ultima
1046 3315 1156 3376 veteris

132 3404 230 3480 partis
258 3404 368 3465 codicis
395 3407 523 3483 imperia
545 3407 701 3471 Michaelis
723 3409 772 3470 III
799 3412 829 3469 et
855 3408 965 3467 Basilii
987 3403 1157 3466 Macedonis

135 3495 258 3555 nomina
280 3493 498 3571 imperatorum
519 3500 639 3558 exstant
661 3501 830 3559 enemente
852 3496 943 3555 rubro
968 3514 1039 3555 casu
1062 3493 1157 3557 nomi-

133 3582 240 3643 nativo
262 3583 360 3642 textui
382 3583 526 3661 praefixa,
554 3588 640 3647 iuxta
668 3607 704 3647 ea
730 3590 763 3649 in
785 3587 920 3663 margine
943 3585 1076 3659 capitum
1102 3598 1158 3639 nu·

191 3708 336 3761 Georgius
349 3710 509 3752 Monachus
523 3712 558 3753 ed.
573 3713 602 3755 de
615 3714 684 3755 Boor.
708 3714 727 3754 1.
983 3713 999 3751 0
