2617 3909
160 170 226 239 376
473 173 661 224 rnnmon
679 173 861 224 nomon

161 318 195 381 δέ
217 325 292 401 τρεῖς
314 320 409 401 μόνας
431 317 542 401 ἡμέρας
564 321 597 383 έν
619 327 683 394 ταῖς
696 321 730 393 ἳξ
749 318 769 401 ἢ
788 319 859 382 ἓπτδι
879 320 1033 402 σποράδην
1051 321 1182 400 νηστεύ-

161 436 262 499 ουσιν,
294 418 385 501 ἕτεροι
416 415 448 480 δέ
479 424 556 499 τρεῖς
581 418 749 500 ἑβδομάδας
776 418 883 499 ἐφεξῆς
911 417 968 500 πρὸ
998 428 1052 480 τοῦ
1080 420 1182 500 πάσχα

64 529 148 570 2¹1⁸ss-
163 518 372 580 συνάπτωσιν.
415 516 448 580 ἓν
465 535 524 579 τισι
547 515 578 580 δέ
601 516 702 579 πόλεσι
724 526 777 596 τῆς
795 517 951 598 Αηόπτου
972 516 1031 599 πρὸ
1053 515 1184 597 ἑσπέρας

161 614 350 698 ἠριστηκότες
380 624 440 676 τῶν
471 616 641 697 μυστηρίου
673 615 955 695 μεταλαμβάνουσιν.
1007 613 1059 676 καὶ
1086 625 1184 676 ταῦτα

135 711 217 793 σμδν
236 711 430 793 όΣυιιράτης
447 712 601 793 ίστόρησεν
614 711 655 786 ότς
674 713 752 787 εἰκὸς
770 712 832 776 τότε
847 711 1052 792 φυλαττόμενα
1070 714 1184 794 πάντα,

163 821 221 877 νῦν
247 809 280 873 δέ
306 810 426 888 πλείστη
452 810 502 872 καί
528 810 601 872 κατά
628 810 716 892 μέρος
742 811 887 893 έναλλαγὴ
914 809 1033 892 γέγονεν
1061 811 1095 874 έν
1118 819 1184 885 τοῖς

162 907 328 990 εἰρημένοις
350 907 459 973 ἔθεσιν.

227 999 260 1068 Ὁ
286 1003 385 1086 μέντοι
411 1004 519 1086 Νέρων
548 1005 679 1080 ἀκούσας
706 1007 751 1070 ὅτι
777 1007 957 1086 πεφόνευται
984 1008 1091 1086 Σίμων
1119 1006 1183 1070 ὑπὸ

163 1101 280 1185 Πέτρου
298 1101 349 1166 καί
366 1101 571 1184 ἀγανακτήσας
589 1103 738 1167 ἐκέλευσεν
751 1105 843 1169 αὐτὸν
857 1111 1078 1188 σταυρωθῆναι.
1117 1103 1184 1168 δδὲ

125 1224 151 1264 ιο
164 1200 287 1287 ΠέτροςΙ
300 1200 503 1281 παρακαλέσας
525 1202 577 1265 τδν
597 1203 741 1284 ὕπαρχον,
764 1204 814 1266 ἵνα
833 1203 873 1284 μὴ
893 1202 998 1284 όρθιος
1016 1209 1183 1288 σταυρωθῇ

164 1297 205 1373 ὣς
232 1297 249 1361 ό
275 1299 392 1381 κύριος,
419 1299 494 1363 κατὰ
519 1305 650 1380 κεφαλῆς
674 1300 849 1384 ἐσταυρώθη
872 1301 975 1376 καθὼς
996 1299 1125 1381 ἠξίωσεν
1149 1301 1184 1364 ἐκ

164 1402 275 1477 πολλῆς
301 1399 564 1479 μετριοφροσόνης.
609 1397 680 1478 μετδι
703 1397 736 1460 δέ
759 1423 792 1481 γε
813 1400 869 1479 τὴν
892 1397 1008 1480 Πέτρου
1031 1400 1182 1478 τελευτήν,

164 1494 205 1567 ὥς
237 1512 330 1574 φησιν
357 1493 519 1576 Εὐσέβιος,
552 1500 674 1571 Παῦλος
705 1495 722 1560 δ
749 1495 910 1570 ἀπόστολος
936 1495 1011 1558 κατὰ
1043 1495 1098 1575 μέν
1126 1496 1183 1575 τὴν

164 1593 286 1673 πρώτην
317 1591 481 1673 ἀπολογίαν
510 1592 610 1656 ἐλθὼν
641 1592 700 1656 ἀπὸ
732 1604 785 1674 τῆς
809 1588 955 1668 Ἰουδαίας
984 1593 1105 1673 δέσμιος
1132 1594 1183 1656 καὶ
1274 1657 1275 1668 ,

125 1711 152 1754 ισ
165 1689 425 1771 ἀπολογησάμενος
447 1689 566 1772 Νέρωνι
591 1689 639 1753 έπί
662 1691 717 1771 τὴν
740 1693 895 1755 διακονίαν
917 1701 970 1753 τοῦ
991 1693 1184 1773 κηρύγματος

166 1786 279 1865 ἐστάλη.
324 1785 498 1867 κάντεῦθεν,
521 1785 562 1861 όις
584 1788 690 1870 ἔοικεν,
712 1789 763 1863 τὰς
786 1800 845 1852 τῶν
868 1789 1037 1853 ἀποστόλων
1061 1790 1183 1870 πράξεις

165 1881 213 1948 ἐπ’
233 1884 347 1950 έκεῖνον
365 1886 417 1950 τὸν
439 1885 547 1967 χρόνον
563 1893 689 1961 Λουκᾶς
707 1887 884 1972 περιέγραψε
902 1875 1005 1970 μέχρις
1018 1887 1065 1948 ότε
1083 1897 1183 1966 συνῆν

166 1989 206 2068 τῷ
233 1985 354 2069 Παύλῳ.
398 1980 471 2046 καθ’
492 1981 528 2046 δν
556 1982 587 2046 δὲ
610 1986 715 2067 καιρὸν
738 1985 937 2068 ἐμαρτύρησεν
960 1984 996 2048 οὐ
1019 1994 1184 2066 συμπαρῆν

167 2081 255 2166 αὐτῷ,
276 2091 329 2144 τοῦ
352 2081 518 2145 ἀποστόλου
540 2093 645 2160 σαφῶς
668 2083 825 2152 καὶτοῦτο
849 2082 982 2166 λέγοντος
1001 2082 1057 2144 δυ’
1083 2082 1182 2155 οὐδείς

126 2200 155 2242 ιο
168 2202 219 2259 μοι
240 2179 274 2242 δν
295 2189 331 2266 τῇ
354 2181 456 2264 πρότχ
477 2203 536 2260 μου
554 2179 699 2266 ἀπολογίᾳ
717 2181 961 2264 συμπαρεγὲνετο,
983 2178 1056 2240 ἀλλὰ
1073 2181 1184 2252 πάντες

168 2300 203 2356 με
226 2276 422 2359 ἐγκατέλιπον.
467 2278 509 2358 μὴ
536 2277 638 2352 αάτοῖς
661 2278 822 2359 λογισθείη.
867 2275 908 2356 ἣν
930 2277 968 2356 δὴ
991 2276 1065 2358 πρὸς
1092 2277 1183 2356 Τιμό-

166 2380 241 2437 θεον
265 2374 404 2457 δευτέραν
426 2375 582 2453 ἐπιστολὴν
605 2376 722 2454 δεσμοῖς
745 2376 936 2456 κατεχόμενος
956 2375 1086 2457 ἔγραψεν
1104 2373 1183 2453 δμοῦ

167 2475 322 2553 σημαίνων
343 2473 398 2552 τήν
420 2497 450 2536 τε
472 2471 617 2556 προτέραν
640 2473 720 2556 αὐτῷ
742 2471 906 2556 γενομένην
926 2472 1089 2553 ἀπολογίαν
1100 2473 1184 2556 πρὸς

241 2665 320 2715 8-9
341 2661 408 2715 Mal.
427 2667 539 2730 11255,
559 2668 601 2715 21.
625 2694 660 2701 -
684 2667 778 2717 9-12
801 2661 868 2716 Μελ.
884 2661 1096 2732 μ.266,12ο[.
1116 2661 1183 2716 Eus.

167 2731 241 2786 Hist.
261 2731 328 2786 eccl.
344 2731 395 2799 m,
411 2737 435 2784 1.
459 2765 492 2773 -
517 2738 622 2802 12-ρ.
643 2739 753 2800 377,12
771 2733 836 2788 Eus.
856 2732 928 2786 Hist.
946 2731 1122 2799 θσο1.Π,22.
1149 2766 1183 2774 -

169 2809 204 2856 19
222 2803 255 2856 Π.
272 2803 343 2856 Tim.
358 2809 384 2870 4,
400 2809 440 2856 τε.

241 2949 257 2997 6
276 2945 324 2998 καὶ
342 2961 392 2998 ουτ.
407 2943 465 2997 FN.
480 2977 514 2984 —
535 2951 549 2999 7
569 2946 665 3001 ἔθεσιν
684 2946 787 3000 BDFP
804 2953 829 3000 ελ
842 2962 911 3000 rece.
926 2945 1055 3006 nonnulli
1080 2945 1185 3014 ἤθεσιν

168 3014 249 3073 EGV
268 3015 381 3073 ἔθνεσιν
394 3014 476 3070 ΛΟΜ
494 3023 519 3075 et
536 3033 606 3071 τεοο.
622 3017 680 3070 nlii.
695 3050 730 3058 —
749 3023 765 3072 8
783 3017 839 3072 ὑπὸ
857 3025 906 3071 τοῦ
925 3015 1028 3086 πέτρου
1047 3017 1127 3071 cFG.
1150 3050 1183 3058 -

171 3092 204 3140 10
224 3087 347 3158 ἔπαρχον
364 3087 421 3140 ΜΡ
439 3095 465 3144 et
481 3104 552 3142 rece.
572 3089 695 3158 quidam.
719 3121 754 3128 -
778 3094 810 3140 12
829 3097 879 3142 τοῦ
896 3087 999 3156 πέτρου
1017 3088 1040 3141 Β
1063 3096 1090 3143 ετ
1111 3105 1183 3142 roeo.

168 3157 307 3212 nonnulli.
335 3191 368 3199 -
398 3164 430 3213 16
450 3158 589 3228 ἀπεστάλη
608 3159 702 3214 BMR.
730 3191 763 3200 -
792 3164 825 3213 17
849 3160 1045 3229 συνεγράψατο
1067 3159 1123 3214 FV.
1149 3192 1182 3201 —

170 3228 265 3300 μέχρις
283 3226 348 3284 ὅτου
366 3230 427 3284 BR.
443 3262 477 3271 —
496 3237 529 3284 21
550 3228 743 3300 ἐγκατέλειπον
758 3229 808 3284 OD
828 3229 1053 3299 ἐνεγκατέλειπον
1070 3230 1094 3283 Ρ
1117 3252 1183 3286 τιατ-

170 3300 266 3354 έλιπον
280 3301 336 3354 AB.
355 3333 390 3341 —
409 3307 443 3354 23
462 3301 514 3368 τήν
532 3319 561 3355 τε
576 3301 716 3369 προτέραν
730 3300 865 3355 BDEPV
873 3301 938 3357 Eue.
957 3319 986 3355 τε
1004 3319 1054 3356 om.
1069 3301 1182 3356 AOFM.

245 3479 278 3526 12
296 3476 425 3545 τελευτὴν
443 3476 474 3531 έν
487 3480 526 3548 τῷ
536 3474 656 3547 δευτέρῳ
671 3477 733 3543 ἔτει,
752 3479 850 3540 καθώς
864 3496 950 3548 φησιν
964 3475 1087 3550 εδσέβιος
1101 3478 1131 3532 Ρ.
1150 3511 1183 3518 -

174 3547 207 3595 16
226 3543 281 3598 κάν
299 3546 431 3600 ἐντεῦθεν
449 3546 479 3598 P.
