2617 3909
409 211 414 220 ’
531 247 720 299 Χεοεωςον
1065 247 1129 312 207

112 391 170 471 τήν
192 392 235 465 είς
257 391 313 472 τήν
334 403 393 474 γῆν
415 403 467 473 τής
493 393 665 475 ἐπαγγελίας
692 395 809 456 εἴσοδον
832 394 954 478 ἀθρόως
977 393 993 456 δ
1017 393 1146 470 δίκαιοςΙ

112 489 164 551 καί
187 489 402 573 ἀσυγχωρήτως
425 490 630 573 ἀπεστέρηται,
653 491 757 567 καθὼς
780 491 831 554 καί
851 492 986 574 πρόσθεν
1009 495 1130 576 εἴρηται.

112 598 174 650 ποῦ
197 586 230 649 δὲ
252 586 302 648 καί
324 585 344 668 ή
367 589 442 670 πρὸς
464 590 516 652 τδν
538 594 720 671 Σολομῶντα
743 591 813 652 θεία
832 593 1024 674 φιλοστοργία
1041 589 1131 672 καλή

111 687 242 766 τοσαύτη
265 688 349 769 χάρις
370 711 400 749 τε
422 687 473 750 καί
496 689 603 766 σοφίας
625 687 674 750 καὶ
698 690 742 762 τίς
760 685 780 768 ή
800 685 927 768 ἀφέλεια
949 699 1002 769 τῆς
1020 694 1131 769 πολλῆς

112 784 229 864 ἐκείνης
252 785 427 866 φρονήσεως
448 786 499 848 καλ
522 785 668 859 συνέσεως
690 785 740 847 καί
760 783 780 866 ή
799 789 990 869 προλαβοῦσα
1008 788 1130 866 τοιαύτη
1158 810 1171 850 ο

111 884 326 963 νηφαλεωτάτη
348 883 449 946 ἔννοια
468 882 519 945 καί
537 885 678 966 θεολογία
695 883 746 946 καί
764 886 942 966 φυσιολογία
958 885 1080 966 ἐσχατον
1098 885 1131 948 ἐκ

112 983 349 1063 γυναικομανίας
377 983 420 1056 είς
447 982 662 1062 είδωλομανίαν
693 981 926 1063 ἐκπεπτωκότος,
958 981 999 1057 ὡς
1027 994 1131 1062 σαφῶς

112 1079 291 1158 δεδήλωται;
313 1086 353 1165 τῷ
373 1078 437 1142 όντι
458 1080 514 1162 γὰρ
536 1077 625 1142 οόδέν
643 1077 751 1158 ὄφελος
769 1080 968 1162 ἐναρξάμενον
986 1083 1130 1161 πνεύματι

111 1175 163 1238 καὶ
186 1177 272 1260 σαρκί
294 1177 462 1240 ἐπιτελέσαι.
504 1178 551 1240 διδ
574 1179 867 1261 προασφαλιζόμενος
889 1175 968 1258 ήμᾶς
988 1175 1129 1259 Ἰωάννης

113 1276 222 1354 φησίν·
236 1274 353 1356 βλέπετε
372 1275 506 1356 ἑαυτούς,
525 1276 575 1337 ἵνα
589 1275 629 1356 μή
642 1274 803 1355 ἀπολέσητε
821 1275 841 1336 ἀ
856 1278 1044 1359 εἰργάσασθε,
1058 1276 1131 1338 ἀλλὰ
1145 1300 1172 1338 ιο

113 1372 227 1452 μισθὸν
251 1374 348 1455 πλήρη
371 1372 547 1454 ἀπολάβητε.
592 1373 629 1435 οά
652 1372 708 1456 γὰρ
732 1371 748 1435 δ
772 1379 868 1447 καλῶς
896 1373 1057 1457 ἀρχόμενος
1080 1374 1131 1436 καλ

112 1480 212 1544 κακῶς
235 1471 441 1554 μετερχόμενος
464 1464 551 1546 οὗτος
575 1472 718 1553 μακάριος
740 1471 790 1533 καί
813 1470 929 1552 τέλειος,
952 1469 1015 1534 ἀλλ’
1037 1471 1054 1535 δ
1077 1496 1130 1534 κα-

111 1573 174 1658 λῶς
194 1567 381 1650 ἀποθέμενος
403 1568 455 1630 τδν
478 1571 546 1649 βίον
568 1567 618 1630 καί
641 1567 807 1649 θεαρέστως
830 1571 1018 1652 διαπεράνας.
1053 1570 1067 1632 έ
1104 1572 1130 1632 ί-

111 1689 169 1748 περ
196 1665 213 1729 δ
239 1666 402 1747 ὑπομείνας
433 1668 476 1741 είς
506 1665 587 1740 τέλος
617 1660 705 1740 οὗτος
733 1668 908 1747 σωθήσεται.
954 1667 1130 1750 κάντεῦθεν,

112 1763 156 1838 ὡς
177 1765 286 1846 ἔοικεν,
313 1766 433 1839 εἰκότως
461 1765 665 1846 διδασκόμεθα
688 1765 728 1846 μή
753 1768 922 1847 μακαρίζειν
944 1768 1054 1848 κυρίως
1077 1765 1170 1831 biv-1⁵
1185 1791 1224 1830 ιιι
1239 1788 1269 1828 τε,

112 1869 240 1943 θρωπον
256 1863 324 1945 πρὸ
351 1866 486 1944 τελευτῆς
515 1863 608 1926 αὐτοῦ
637 1863 687 1926 διὰ
713 1864 746 1926 τὸ
774 1861 887 1943 ἀίδηλον
909 1874 962 1944 τής
985 1864 1131 1946 ἐκβάσεως

111 1961 164 2023 καί
187 1962 430 2042 συμπληρώσεως.
467 1961 538 2034 τοὺς
560 1961 615 2043 γὰρ
638 1961 826 2034 έκκλίνοντας
848 1962 891 2036 είς
913 1962 964 2035 τάς
987 1980 1129 2045 στραγγαη

111 2059 180 2133 λιάς
211 2057 315 2134 ἀπάξει
345 2059 450 2141 κόριος
477 2057 549 2138 μετὰ
579 2069 638 2120 τῶν
671 2057 873 2141 ἐργαζομένων
905 2060 961 2139 τήν
992 2058 1129 2140 ἀνομίαν.

111 2156 217 2220 πολλοί
239 2155 295 2240 γὰρ
318 2157 532 2240 εόδρομοῦντες
554 2156 685 2238 ἐνάρετοι
712 2155 762 2216 καί
785 2155 833 2217 ἐπί
857 2158 1003 2237 μεγίστοις
1024 2179 1129 2240 κατορ-

112 2256 236 2334 θώμασι
253 2254 475 2335 θαυμαζόμενοι
492 2254 717 2336 προσκόψαντες
733 2253 856 2328 ἐξάπινα
870 2254 1038 2316 πεπτώκασι
1051 2265 1128 2316 πτῶ-
1143 2279 1169 2318 εο

113 2378 156 2434 μοι
179 2351 279 2414 δεινὸν
301 2351 351 2414 καί
374 2352 510 2425 ἐξοίσων.

187 2565 204 2613 ο
227 2557 288 2614 Gal.
312 2565 342 2628 ε,
362 2565 386 2613 ε.
409 2591 444 2601 -
474 2565 508 2614 10
531 2559 564 2614 11.
582 2559 647 2614 ιω.-
665 2565 690 2613 8.
720 2590 752 2600 -
783 2563 816 2613 14
838 2558 940 2614 Matth.
962 2564 1008 2627 ιο,
1028 2565 1070 2614 τε.
1094 2589 1129 2602 -

114 2637 148 2688 ιτ
167 2630 270 2686 Psalm.
286 2637 338 2686 εει.
357 2633 439 2702 (τοι),
454 2637 478 2685 τ.

187 2815 203 2862 2
226 2809 422 2879 άσυγγόιρητος
443 2809 496 2863 FP.
525 2841 559 2850 -
588 2815 604 2862 ό
627 2808 837 2878 νηφαλαιοτάτη
861 2807 941 2865 NPV
962 2811 994 2864 τ’νι
1012 2809 1038 2863 V
1058 2828 1092 2864 m.
1112 2815 1128 2864 1

113 2897 183 2936 corr.
206 2880 239 2933 in
261 2879 393 2950 -εωτάτη,
417 2898 452 2934 m.
472 2885 492 2936 2
513 2882 546 2934 ἐκ
569 2880 694 2950 -ιωτάτη,
727 2879 924 2951 νηφαλιωτάτη
945 2882 966 2934 L
990 2883 1129 2950 υηφαλεο-

113 2950 184 3020 τάτη
199 2948 253 3004 GR
271 2951 466 3021 ήφαλαιοτάτη
479 2950 508 3007 Ο.
524 2983 558 2992 —-
577 2952 608 3007 ἐκ
626 2951 760 3021 γυναικὸς
779 2949 882 3020 μανίας
895 2950 993 3022 (μανία
1007 2951 1038 3022 O)
1052 2950 1130 3006 BGP

113 3024 155 3077 lit.
172 3039 241 3077 corr.
260 3024 293 3077 ιἰο
304 3023 335 3077 Ρ.
356 3054 389 3063 -
409 3029 442 3076 11
461 3022 568 3093 πλήρης
586 3023 608 3076 Ρ
629 3021 744 3092 πλήρεις
762 3021 790 3077 O.
810 3055 844 3063 —
865 3029 897 3077 12
917 3025 1020 3094 κακῶς]
1040 3025 1131 3084 καλῶς

113 3091 274 3148 BCGLNV
288 3095 335 3149 ωδ
348 3095 380 3148 ἐκ
393 3094 417 3147 D
437 3098 452 3148 λ
469 3096 505 3160 λιι,
515 3095 603 3149 litura
615 3095 709 3150 λκοονί.
729 3111 784 3164 qua
797 3111 890 3149 ποκα.
907 3125 944 3136 --
960 3093 1063 3157 τέλειος
1080 3094 1130 3148 καλ

114 3163 294 3235 μακάριοςί
316 3164 455 3235 μακάριος
471 3167 521 3220 καλ
539 3183 590 3221 om.
608 3165 634 3219 R
657 3165 706 3220 καλ
723 3164 826 3228 τέλειος
844 3183 894 3220 om.
913 3165 943 3218 L.
969 3197 1001 3206 -
1027 3170 1060 3220 15
1080 3164 1129 3220 άν-

112 3239 234 3305 θρωπον
252 3234 356 3306 κυρίως
373 3238 396 3305 Β
420 3236 525 3306 κυρίως
542 3254 592 3292 om.
611 3237 664 3290 FL.
681 3267 714 3276 —-
735 3241 775 3290 16.
793 3241 824 3291 17
844 3243 893 3305 της
911 3237 1130 3306 συμπληρώσεως

113 3308 164 3362 καί
183 3306 320 3378 ἐκβάσεως
338 3308 392 3362 GR
414 3310 463 3363 καί
481 3309 701 3378 συμπληρώσεως
718 3324 768 3363 om.
784 3306 813 3362 L.
833 3339 867 3348 —
887 3313 919 3362 21
940 3304 1062 3373 ἐξοίσων
1080 3308 1129 3362 καλ

113 3376 211 3434 δεινόν
229 3378 252 3431 Β
275 3380 370 3435 δεινὸν
388 3381 437 3434 καί
455 3397 506 3436 ουτ.
521 3381 551 3434 L.

188 3560 204 3608 θ
223 3527 321 3611 ἔννοιά
334 3534 372 3612 ’τε
394 3557 444 3611 καλ
462 3557 492 3611 Ρ.
515 3588 552 3599 -
575 3562 590 3611 7
614 3557 651 3623 ὡς
673 3557 815 3614 δέδεικται
838 3558 897 3628 (om.
918 3559 1025 3627 σαφῶς)
1043 3555 1073 3610 Ρ.
1093 3587 1129 3598 -

116 3633 150 3682 13
161 3626 349 3697 ιἀποθέμενος
366 3629 415 3683 καλ
432 3628 482 3683 τὸν
501 3629 530 3683 P.
549 3661 584 3670 -
604 3635 637 3683 21
657 3627 753 3686 δεινόν
770 3649 800 3685 τε
818 3630 867 3684 καλ
884 3629 914 3683 P.
