2617 3909
516 249 705 300 XPONIKON
1053 246 1117 310 349

104 394 203 474 πάντη
226 393 390 473 μοναδικόν
412 417 441 456 τε
464 393 513 455 καλ
536 392 660 474 άμικτον
684 397 876 468 διαθλοῦντες
898 396 981 476 βίον,
1005 396 1119 470 ἑαυτοῖς

104 493 209 572 μόνοις
231 497 463 573 προσλαλοῦντες
485 492 536 554 καλ
558 500 598 577 τῷ
617 499 690 578 θεῷ,
720 495 752 554 οἱ
772 492 804 555 δὲ
826 493 944 575 ἀγάπης
967 495 1060 573 μόνον
1083 504 1118 580 τῇ

105 591 251 674 κοινωνίᾳ
272 588 438 672 στέργοντες
461 590 597 672 ἐρημικοί
617 615 646 654 τε
666 589 741 670 δμοῦ
759 590 809 653 καί
828 592 948 673 μιγάδες
966 591 1015 652 καλ
1034 601 1118 654 τοῦτο

107 688 201 767 μόνον
223 688 336 767 κόσμον
358 687 468 762 εἰδότες
490 689 562 751 ὅσον
579 699 615 775 τῇ
634 690 740 775 ἐρημίᾳ
760 692 964 771 γνωρίζουσιν,
987 697 1048 764 τοῖς
1067 689 1120 770 μὲν

104 784 204 860 ἀλλοις
230 779 406 865 τεθνηκότες
428 785 602 869 ἀνθρώποις
624 787 674 849 καλ
696 789 879 869 πράγμασιν,
910 788 964 849 ὅσα
986 789 1019 850 ἕν
1042 787 1119 874 μέσᾳ
1147 807 1159 846 5

105 885 329 967 περιφθείρεται
351 886 533 966 στροβοῦντά
554 909 583 947 ιε
606 885 657 946 καλ
684 887 886 967 στροβούμενα
907 886 957 947 καλ
979 888 1120 960 παίζοντα

105 979 185 1061 ἡμᾶς
202 989 265 1054 ταῖς
283 981 490 1063 ἀγχιστρόφοις
508 986 691 1063 μεταβολαῖς,
710 983 846 1062 ἀλλήλοις
864 1007 893 1045 τε
911 985 1020 1063 κόσμος
1038 983 1120 1058 ὄντες

106 1079 215 1164 καλιῇ
238 1079 402 1161 παραθέσει
424 1080 479 1160 τὴν
501 1080 609 1162 ἀρετὴν
631 1081 785 1163 θήγοντες.

172 1177 234 1239 Καὶ
255 1187 347 1239 ταῦτα
370 1175 424 1257 μὲν
442 1179 614 1261 Γρηγόριος.
646 1177 663 1240 δ
682 1177 714 1240 δὲ
732 1179 892 1262 θεορήμων
910 1182 1120 1261 Χρυσόστομος

105 1276 141 1339 ἐν
162 1286 197 1361 τῇ
221 1275 295 1337 κατὰ
317 1280 485 1338 Ματθαῖον
507 1276 647 1362 ἑρμηνείᾳ
677 1276 743 1359 περὶ
766 1288 824 1339 τῶν
847 1278 879 1340 ἐν
902 1279 1043 1362 Αἰγύπτῳ
1068 1301 1120 1357 μο-
1135 1298 1160 1336 ιο

105 1384 205 1455 ναχιῦν
232 1388 338 1453 φησιν’
367 1373 421 1455 οὐχ
448 1375 543 1448 οὕτως
564 1374 624 1437 ἔστί
647 1374 779 1457 λαμπρὸς
802 1374 818 1438 δ
841 1375 969 1457 οὐρανὸς
991 1383 1031 1460 τῷ
1054 1397 1120 1437 ποι-

107 1473 180 1557 κίλᾳ)
202 1482 262 1533 τῶν
284 1470 400 1554 άστρων
422 1480 506 1557 χορῷ,
528 1471 569 1546 ὡς
591 1471 611 1553 ἡ
634 1473 743 1555 ἔρημος
761 1473 916 1555 Αἰγύπτου
935 1473 986 1548 τὰς
1009 1474 1121 1553 σκηνὰς

106 1570 259 1632 πάντοθεν
290 1567 363 1649 ἡμῖν
392 1580 451 1631 τῶν
481 1581 618 1652 μοναχῶν
645 1572 837 1651 δεικνύουσα,
870 1572 975 1646 οἵτινες
1002 1572 1033 1634 τὸ
1061 1582 1120 1654 πῦρ
1165 1621 1169 1635 ,

107 1678 161 1729 τοῦ
183 1672 314 1750 Χριστοῦ
338 1669 491 1747 δεξάμενοι
513 1668 587 1750 πρὸς
609 1669 661 1730 τὸν
684 1667 814 1751 οὐρανὸν
832 1667 948 1751 ἀθρόον
971 1671 1120 1751 μεθωρμί-

107 1784 196 1827 σαντο
223 1765 273 1827 καλ
301 1767 473 1847 θερμότεροι
495 1776 554 1828 τῶν
576 1765 674 1829 ἀλλων
697 1765 778 1841 όντες
800 1767 875 1848 πρὸς
897 1766 1047 1848 εὐσέβειαν
1070 1768 1121 1842 τάς
1135 1787 1160 1827 1⁵

106 1862 281 1944 ἀσωμάτους
304 1864 444 1944 δυνάμεις
466 1874 502 1949 τῇ
525 1874 578 1944 τῆς
597 1867 777 1943 φιλοσοφίας
799 1864 931 1950 ἀπαθείᾳ
954 1877 1121 1945 μιμοῦνται.

106 1961 158 2023 καλ
180 1963 211 2023 εἴ
229 1985 272 2034 τις
295 1961 328 2022 ἐν
350 1971 385 2046 τῇ
408 1963 488 2046 χώρᾳ
510 1961 639 2044 γέγονεν,
663 1959 744 2025 ολδεν
763 1960 779 2024 δ
799 1961 882 2044 λέγω,
904 1965 933 2025 εἰ
954 1963 986 2026 δέ
1004 1988 1047 2038 τις
1065 1964 1121 2025 οῦκ

106 2058 199 2140 ἐπέβη
222 2070 280 2120 τῶν
303 2058 396 2141 ἀγίων
419 2070 538 2139 σκηνῶν
561 2060 696 2140 ἐκείνων,
726 2060 862 2121 ἐννοείτω
884 2061 937 2122 τὸν
960 2058 1041 2141 μέχρι
1063 2070 1121 2121 νῦν

106 2157 142 2219 ἐν
163 2164 225 2232 τοῖς
248 2155 387 2220 ἀπάντων
410 2159 551 2236 στόμασιν
574 2153 731 2242 ᾀδόμενον,
754 2154 790 2218 δν
811 2156 881 2236 μετὰ
904 2157 973 2230 τοῦς
995 2157 1120 2219 ἀποστό-

107 2260 180 2328 λους
202 2252 222 2334 ἡ
246 2256 398 2336 Αόγυπτος
423 2253 561 2337 ἤνεγκεν,
588 2255 640 2316 τὸν
663 2256 808 2336 μακάριον
831 2254 881 2315 καλ
904 2254 995 2337 μέγαν
1015 2249 1121 2317 Ἀντά-
1136 2277 1161 2316 εο

107 2375 186 2434 νιον,
209 2351 259 2414 καλ
281 2354 354 2416 οἴων
377 2351 479 2430 ὄψεων
501 2356 595 2415 θείων
616 2352 735 2433 ἠξιώθη
758 2352 808 2414 καλ
830 2355 899 2433 βίον
916 2359 1069 2433 θεοπρεπῆ
1092 2376 1122 2414 τε

107 2449 159 2511 καλ
185 2449 338 2532 ἀγγελικὸν
365 2450 539 2524 ἐπεδείξατο.
584 2451 634 2512 καλ
661 2461 746 2512 τοῦτο
774 2451 881 2512 εἴσεταί
906 2474 950 2524 τις
971 2449 1121 2533 ἀναγνοὺς

107 2547 202 2609 αὐτοῦ
228 2549 281 2609 τὸν
307 2550 375 2629 βίον
403 2547 474 2628 μετὰ
500 2547 665 2629 ἀκριβείας,
692 2548 725 2611 ἐν
751 2536 775 2633 ᾧ
799 2548 850 2611 καλ
876 2549 990 2628 πολλὴν
1017 2547 1123 2627 όψεται
1136 2561 1175 2602 2⁵⁹
1190 2561 1220 2600 M·

180 2733 267 2782 9-13
283 2728 378 2797 Ολετγε.
394 2729 424 2782 in
438 2728 537 2783 Matth.
553 2729 634 2783 Hom.
649 2734 674 2794 8,
689 2729 761 2797 4βη.
776 2729 872 2799 Migne
886 2729 963 2783 Tom.
978 2735 1021 2795 57,
1032 2730 1120 2797 87βκ.

109 2832 143 2840 -
164 2805 270 2869 13-μ.
286 2805 347 2868 360,
362 2806 378 2853 6
397 2800 493 2868 Chrys.
508 2802 543 2856 ιὀ.
559 2806 575 2854 5
595 2801 692 2871 Migne
709 2801 746 2855 ib.
761 2805 795 2855 88
804 2802 852 2869 βπ.

182 2975 196 3022 1
215 2969 302 3025 πάντι
316 2968 472 3038 μοναδικόν
486 2969 532 3024 ΔΟ
551 2968 691 3039 πάντιμον
706 2968 807 3025 άδτκόν
821 2969 903 3023 FMR
920 2969 1059 3052 πάντιμον
1074 2970 1122 3024 καλ

109 3039 264 3110 ναδικόν
282 3041 371 3094 L
396 3048 411 3094 2
432 3040 532 3112 μόνον]
556 3039 632 3115 νόμῳ
650 3040 721 3096 OFL
743 3062 785 3110 γρ.
805 3062 821 3095 ν
876 3062 892 3096 ν
915 3059 965 3112 ικᾳ.
985 3039 1009 3092 Ι)
1028 3041 1121 3096 mem

109 3129 133 3180 q.
148 3129 183 3166 m.
207 3111 294 3202 νόμον
313 3110 368 3165 δι’
334 3131 424 3182 γαπης
442 3111 609 3182 Gregor—
590 3063 666 3167 μω14
685 3109 790 3180 ἀθρόοι
808 3061 996 3178 Βολάοάθρόως
1013 3112 1067 3164 AL.
1088 3144 1121 3152 -

109 3183 329 3252 μεθωρμήσαντο
344 3186 471 3253 (μεθορμ.
486 3183 550 3253 ΑΜ)
566 3181 812 3238 ABGEFNP.-
833 3189 865 3237 17
885 3181 943 3255 3]⁰
928 3205 947 3237 α
965 3182 1121 3251 BFohsys

111 3260 198 3307 —22
217 3254 306 3309 ίσεται
324 3253 471 3308 AEFLPR
493 3263 519 3311 ετ
540 3261 571 3310 κο
589 3256 644 3309 vid
663 3255 740 3310 Dm.
758 3259 778 3310 2
796 3272 863 3310 corr

182 3420 198 3467 2
218 3413 338 3469 ολδλ-
385 3414 500 3483 μιάδες
517 3414 539 3467 Ρ
554 3421 617 3484 μοεί
638 3413 741 3484 γνωρίζ
726 3419 820 3480 ζουσιν
843 3416 940 3471 inserit
960 3432 1021 3470 νυνι
1040 3415 1121 3484 Greg.

111 3490 176 3537 -4
196 3485 277 3557 ἐντῇ
293 3483 392 3559 ἐρηίμᾳι
350 3420 567 3555 ἳίμλῖθτθς-
587 3487 671 3540 9καλ
684 3495 773 3540 ταυτα
791 3484 1010 3578 μλνΓρηγόριος
1026 3487 1122 3549 omP

111 3557 160 3645 qui
174 3559 279 3628 ρεερίίε
297 3507 392 3625 ἀμέλει
409 3564 478 3627 γοῦν
497 3558 545 3612 καλ
563 3556 725 3626 δθεορ.-
747 3564 780 3612 10
799 3558 830 3612 ἐν
848 3566 881 3630 τῇ
900 3557 972 3613 κατὰ
986 3562 1026 3612 Μ.
1042 3557 1123 3627 ἑρμη-

111 3624 174 3702 νείᾳ
191 3645 241 3684 om
257 3626 341 3682 P
362 3634 393 3681 11
413 3627 428 3682 ὁ
447 3645 497 3684 om
512 3628 541 3683 P
