2617 3909
180 243 246 306 214
490 243 678 295 Γετεεοιοτ
694 244 878 296 mmor

179 393 334 474 ἕκζητῆσαι
365 392 416 454 τὸν
448 392 568 473 κόριον,
600 390 650 453 καὶ
681 389 792 473 εὑρέθη
824 388 844 471 ἡ
877 393 984 473 καρδία
1017 410 1072 454 σου
1103 393 1199 454 τελεία

178 492 253 572 πρὸς
284 492 405 573 κιόριον,
438 488 488 550 διδι
519 499 606 552 τοῦτο
638 488 774 567 ἕφείσατό
806 507 862 551 σου
893 490 1011 572 κάρως,
1043 489 1123 570 πλὴν
1154 491 1198 551 ότι

179 589 303 667 διεκόπη
326 587 361 648 τὰ
383 587 454 670 ἔργα
477 604 532 649 σου
555 586 605 649 καί
628 588 844 668 συνετρίβησαν
862 586 899 648 τδι
916 589 1005 649 πλοῖά
1023 604 1088 649 σου.
1125 587 1197 650 κάν-

178 691 286 747 τεῦθεν
308 677 364 746 οῦν
388 684 607 765 διδασκόμεθα,
637 681 679 758 ὡς
701 683 818 747 ,ἐλαττοῖ
835 683 887 757 τὰς
909 683 958 746 ἕπλ
980 690 1043 758 τοῖς
1065 683 1197 768 ἁμαρτή-

152 800 249 862 ομασι
271 783 411 865 τιμωρίας
433 782 468 844 τὰ
495 780 733 865 προγεγενημένα
760 783 985 864 κατορθώματα.
1032 779 1128 864 δγδιρ
1152 784 1197 844 δι’-

177 902 260 953 καιος
283 879 384 963 κριτὴς
407 889 498 942 ταῦτα
526 880 650 954 ἐκείνοις
677 878 857 961 άντιμετρῦν
884 881 979 954 οὕτως
1001 878 1119 962 ἐκφέρει
1142 879 1196 959 τὴν

176 987 294 1058 ψῆφον.
340 977 482 1060 προσήκει
507 979 611 1040 τοίνυν
638 987 731 1038 ταῦτα
757 977 968 1058 μεμαθηκότας
991 979 1114 1060 φεύγειν
1137 989 1197 1040 τῶν

176 1082 350 1158 θεοστυγῦν
380 1075 431 1137 καλ
462 1076 518 1156 τὴν
550 1076 653 1154 φιλίαν
683 1074 733 1137 καί
760 1075 815 1157 τὴν
842 1074 1023 1157 συγγένειαν.
1069 1075 1195 1156 οὐδεμία

176 1173 232 1257 γὰρ
255 1175 398 1237 κοινωνία
421 1173 498 1252 φωτί
520 1174 595 1256 πρὸς
618 1173 722 1247 σκότος
745 1171 812 1235 οότε
835 1174 895 1254 μην
918 1171 1006 1258 άρετῇ
1025 1173 1076 1236 καλ
1094 1176 1195 1258 κακία,

137 1294 163 1334 ιο
175 1271 225 1333 καὶ
248 1269 316 1334 οότε
339 1270 447 1357 κλέπτη
466 1273 515 1334 δεῖ
528 1269 696 1353 συντρέχειν
714 1267 781 1332 οὔτε
800 1270 872 1350 μετὰ
890 1279 997 1352 μοιχοῦ
1016 1271 1071 1353 τὴν
1090 1274 1196 1353 μερίδα

175 1371 324 1432 τίθεσθαι.
370 1368 417 1431 διό
444 1386 550 1450 φησιν·
575 1368 641 1450 οῦχλ
667 1369 736 1442 τοὺς
764 1370 924 1448 μισοῦντάς
947 1386 993 1449 σε,
1016 1369 1110 1451 κόριε,
1133 1369 1196 1449 ἐμί-

176 1485 254 1548 σησα
275 1467 327 1529 καλ
350 1466 399 1529 ἐπλ
421 1467 491 1541 τοὺς
518 1466 646 1548 ἐχθρούς
674 1483 729 1527 σου
757 1464 950 1545 ἕξετηκόμηνς
978 1464 1087 1528 τέλειον
1111 1473 1196 1547 μῖσος

176 1563 299 1644 ἐμίσουν
327 1565 453 1644 αὐτούς,
481 1565 523 1637 εἰς
550 1563 679 1646 ἐχθροὺς
706 1561 840 1643 ἐγίνοντό
868 1587 927 1643 μοι.
972 1565 1035 1624 καί·
1063 1566 1196 1647 παρανό-

177 1684 253 1740 μους
275 1660 416 1742 ἐμίσησα,
439 1660 489 1723 καί
512 1661 568 1723 οὐκ
595 1661 745 1740 ἐκολλήθη
769 1685 819 1741 μοι
841 1662 949 1742 καρδία
972 1662 1101 1743 σκαμβή.
1147 1662 1197 1723 καὶ

138 1783 163 1822 ιο
178 1757 276 1838 μέντοι
298 1781 331 1841 γε
354 1757 404 1820 καί
427 1759 472 1820 ότι
495 1760 646 1833 πταίοντες
670 1757 711 1833 ὡς
732 1756 890 1839 ἅνθρωποι
908 1759 941 1820 οί
955 1767 1009 1820 τοῦ
1028 1764 1105 1821 θεοῦ
1124 1761 1196 1821 δοῦ-

177 1861 223 1918 λοι
246 1857 476 1939 φιλανθρωπίας
499 1855 651 1930 ἀξιοῦνται
677 1856 817 1929 πολλάκις
840 1853 890 1916 διὰ
912 1856 965 1930 τὰς
986 1855 1196 1939 προειργασμέ-

177 1979 231 2029 νας
262 1953 380 2038 ἀρετάς,
413 1955 454 2028 εἰς
487 1952 519 2016 δὲ
546 1954 582 2015 τδι
609 1955 741 2034 κτήματα
768 1953 819 2016 καί
848 1952 1020 2036 ὑπάρχοντα
1048 1954 1150 2018 αὐτῶν
1177 1953 1195 2033 ἡ

179 2055 248 2115 θεία
271 2054 339 2133 δίκη
363 2052 601 2115 ἀνταποδίδωσιν
628 2050 703 2134 ὑπὲρ
730 2061 791 2113 τῶν
817 2053 1007 2132 πταισμάτων
1029 2053 1129 2114 αὐτῶν
1151 2059 1197 2115 λε-

177 2151 323 2232 ληθότως,
347 2152 384 2213 οῦ
407 2152 469 2232 μην
491 2149 524 2213 δὲ
546 2149 619 2212 δλλδι
642 2149 693 2211 καλ
714 2147 821 2231 ἓτίρων
843 2147 1025 2233 ἁμαρτωλῶν
1042 2152 1197 2214 συνόντων

138 2272 164 2311 ιο
178 2250 306 2322 δικαίοις
337 2257 423 2309 τοῦτο
452 2247 502 2309 διδι
529 2248 585 2328 την
612 2258 666 2310 τοῦ
692 2248 812 2309 δικαίου
839 2248 1037 2328 δικαιοσύνην
1064 2246 1080 2310 δ
1109 2250 1196 2328 φιλά-

178 2352 274 2427 γαθος
303 2346 406 2427 κύριος
435 2351 532 2407 ποιεῖν
562 2345 685 2426 εἴωθεν,
713 2346 785 2428 όπερ
811 2343 872 2426 ἤδη
900 2344 949 2408 ἐπὶ
972 2339 1119 2425 Ἰωσαφὰτ
1147 2346 1196 2408 καὶ

179 2445 304 2506 Παῦλον
328 2453 433 2522 σαφῶς
458 2442 585 2524 ἐδήλωσε
609 2444 660 2506 διὰ
686 2453 740 2524 τῆς
767 2453 826 2505 τῶν
848 2445 961 2505 πλοίων
984 2446 1144 2525 συντριβῆς
1166 2468 1196 2506 τε

250 2646 266 2693 2
285 2638 318 2692 Π.
334 2637 433 2692 Chron.
449 2645 549 2707 21137.
570 2673 603 2682 -—
623 2646 693 2696 3—8
713 2641 879 2696 Theodoret.
898 2641 928 2695 in
941 2641 975 2696 11.
989 2641 1081 2696 Paral.
1099 2643 1197 2714 ffigne

178 2710 255 2764 Tom.
267 2715 310 2778 80,
321 2715 372 2763 832
383 2709 412 2764 0.
428 2742 461 2750 —
476 2715 492 2764 8
506 2710 540 2765 11.
555 2710 615 2766 Gor.
627 2719 652 2781 6,
664 2718 706 2767 14.
722 2745 755 2753 —
772 2717 877 2766 10-13
891 2713 984 2768 Const.
994 2713 1092 2782 Apoet.
1104 2714 1151 2781 VI,
1162 2720 1196 2768 18

177 2782 213 2848 cf.
229 2783 359 2836 Anastas.
375 2781 432 2835 Sin.
447 2780 559 2846 Quaest.
575 2788 608 2836 62
628 2784 725 2854 Migne
739 2783 816 2839 Tom.
831 2789 875 2851 89,
890 2783 979 2838 6130.
995 2816 1029 2825 -
1045 2791 1077 2840 11
1091 2785 1196 2840 Ροολιο.

180 2857 231 2907 138
245 2854 328 2924 (139),
343 2858 384 2906 21.
405 2883 438 2892 -
459 2858 492 2905 13
511 2852 613 2907 Psalm.
630 2858 779 2926 100(101)‚
795 2861 819 2909 ε.

251 3019 467 3090 8συμπάθειαν
485 3019 542 3073 BV.
567 3053 600 3062 —
625 3027 659 3076 15
683 3025 791 3097 δοῦλοι]
815 3021 894 3094 φίλοι
915 3024 950 3079 N.
975 3031 1067 3081 -“1’ί
1090 3027 1140 3080 καλ
1160 3028 1198 3082 τά

178 3092 343 3164 ῦπάργοντα
357 3091 417 3144 PR.
433 3122 467 3131 -
482 3091 578 3154 αὐτοῖς
590 3092 651 3149 BR.
664 3127 696 3134 —
713 3101 747 3150 20
762 3095 967 3166 φιλάνθρωπος
979 3096 1038 3151 DV.
1050 3129 1084 3138 —
1097 3104 1132 3152 21
1147 3099 1198 3152 κό-

181 3166 255 3234 ριος]
269 3162 339 3225 θεὸς
352 3161 413 3215 BR.
433 3193 467 3201 —
486 3160 540 3231 ἤδη
559 3163 608 3217 καί
626 3165 673 3220 ἐπί
692 3167 772 3221 codd.
787 3173 898 3237 praeter
915 3168 971 3222 AP.

252 3335 285 3384 11
313 3329 375 3398 οῦχλ
398 3343 448 3382 ουτ.
473 3329 601 3385 PAnast.
627 3365 661 3373 —
687 3340 719 3388 13
742 3333 925 3405 παρανόμους
947 3334 1063 3407 ἐμίσησα
1091 3339 1140 3393 καλ
1162 3341 1198 3393 οῦ

180 3397 369 3467 προετνθίμηυ
387 3398 442 3464 πρὸ
462 3398 618 3469 ὀφθαλμῶν
639 3423 694 3472 μου
708 3415 824 3476 πρᾶγμα
837 3407 1014 3477 παράνομον,
1033 3409 1100 3464 οῦδὲ
1119 3410 1198 3465 ἐκολ-

181 3469 254 3536 λήθη
265 3469 287 3521 Ρ
300 3485 362 3521 eum
376 3467 477 3522 Psalm.
489 3501 523 3509 -
539 3475 570 3525 16
585 3473 719 3536 πολλάκις
732 3477 783 3545 μὲν
798 3478 879 3532 αὐτοὶ
892 3477 942 3533 διὰ
955 3478 986 3532 P.
997 3510 1031 3519 -
1047 3483 1080 3532 17
1095 3479 1113 3548 η
1125 3478 1197 3535 θεία

182 3535 536 3676 ἵρκηιὴῑὴιὲάνταπόδωσιν
560 3551 616 3596 τῶν
634 3545 814 3615 πταισμάτων
837 3547 994 3617 λεληθότως
1015 3548 1196 3620 δπεμφαίκει.
