2617 3909
185 199 251 264 330
494 200 681 252 Γετεεειου
698 198 880 251 Μοαεεοε

185 349 360 433 ψαλμιμδίας
385 348 459 429 πρὸς
486 345 538 408 τὸν
565 346 640 412 θεὸν
667 346 699 408 έκ
727 344 817 426 μέσης
844 345 951 420 νυκτὸς
981 345 1079 426 μέχρις
1107 344 1206 427 αὐγῆς

185 446 369 528 ἀναφέρουσι
392 439 452 524 μετ’
473 444 626 525 εὐλαβείας
648 443 699 506 καί
722 445 905 524 σεμνότητος.
951 443 1001 505 καὶ
1025 445 1105 505 οὐτω
1130 444 1205 524 πρὸς

184 543 225 624 ήν
251 545 371 618 ἕκαστος
396 543 454 624 ἔχει
480 540 585 623 τέχνην
610 542 671 604 ὐπὸ
698 551 751 604 τοῦ
780 551 961 622 προεστῶτος
987 541 1207 621 ἀποστέλλεται,
1283 563 1286 580 ¹

185 643 235 705 καί
257 642 355 724 μέχρις
377 641 456 722 δρας
483 639 567 721 ἕκτης
591 640 784 722 ἐργασάμενοι
807 640 957 714 συντόνως
986 640 1058 718 μετὰ
1080 640 1205 718 νήψεως

159 741 235 804 σκαί
263 740 419 820 θεολογίας
448 740 543 812 οὕτως
572 737 620 800 ἐπί
648 739 681 802 τὸ
714 737 923 818 δειπνητήριον
953 738 1206 818 συναθροίζονται

186 834 246 919 μετ’
267 838 420 920 εὐλαβείας
442 836 492 898 καί
514 834 639 918 ήσυχίας
658 841 776 917 πολλής.
813 836 863 897 καὶ
886 835 902 899 6
926 834 980 916 μὲν
1001 835 1204 910 σιτοποιὸςέν
1286 905 1287 924 χ

185 938 263 1012 τάξει
284 937 486 1017 παρατίθησιν
509 932 627 1015 ἀρτους,
649 935 666 998 6
690 934 722 997 δὲ
744 936 880 1017 μάγειρος
894 937 932 997 ἓν
949 934 1068 1017 ἀγγεῖον
1087 935 1119 1009 ἐξ
1140 935 1205 1008 ἕνδς

185 1034 342 1115 ἐδέσματος
368 1035 492 1096 πάντοτε
518 1035 674 1115 προσάγει,
701 1033 925 1115 προκατεύχεται
952 1031 984 1094 δὲ
1012 1042 1065 1113 τῆς
1089 1043 1205 1114 τροφῆς

186 1134 279 1216 άγνής
302 1131 395 1212 οὐσης
416 1131 466 1193 καλ
488 1137 625 1213 καθαρᾶς
648 1131 664 1194 6
688 1131 790 1213 ἱερεύς.
826 1128 971 1210 ἀθέμιτον
994 1130 1050 1212 γὰρ
1074 1132 1205 1212 πρὸτῆς

146 1250 172 1290 1⁰
186 1233 274 1316 εὐχῆς
300 1229 444 1313 ήγούνται
469 1230 636 1312 γεύσασθαί
661 1253 696 1291 τι.
742 1229 793 1290 καί
818 1230 908 1290 πάλιν
935 1227 1163 1309 ἀριστησάντων
1190 1228 1204 1291 6

186 1330 280 1412 ἱερεὺς
311 1328 474 1409 έπεύχεται,
505 1325 555 1388 καί
587 1325 688 1401 ἁπλῶς
719 1326 877 1409 ἀρχόμενοί
902 1349 931 1388 τε
958 1326 1008 1390 καί
1036 1329 1204 1407 παυόμενοι

186 1428 353 1511 γεραίρουσι
380 1425 432 1487 τὸν
459 1424 534 1487 θεὸν
556 1423 757 1499 ἀδιαλείπτως.
803 1425 852 1486 καί
875 1417 967 1498 αὐθις
990 1419 1037 1487 ἐπ’
1058 1425 1132 1508 ἔργα
1156 1424 1203 1506 μέ·

186 1550 248 1606 χρις
277 1523 399 1604 ἑσπέρας
430 1523 707 1604 διακαρτερήσαντες
733 1522 783 1584 καί
811 1523 1020 1602 δειπνήσαντες
1049 1523 1122 1603 μετὰ
1153 1534 1203 1604 τῆς
1288 1577 1289 1592 z

187 1623 342 1701 συνήθους
371 1631 485 1700 σιωπῆς
514 1619 564 1681 καί
594 1630 815 1702 σεμνοπρεπούς
843 1621 1045 1694 καταστάσεως
1076 1620 1126 1682 ἐπὶ
1155 1621 1204 1695 τάς

147 1737 173 1778 τε
187 1719 275 1801 εὐχὰς
295 1719 385 1780 πάλιν
408 1716 456 1779 ἐπὶ
478 1716 510 1779 τὸ
533 1718 606 1781 αὐτδ
629 1718 818 1800 συνέρχονται
840 1718 891 1780 καί
913 1718 982 1792 τούς
1000 1720 1204 1800 βραχυτάτους

186 1819 302 1891 ὐπνους
333 1814 383 1878 καὶ
413 1817 632 1897 κουφοτάτους,
670 1817 741 1897 ὅπερ
773 1815 850 1878 ἐστίν
882 1817 977 1878 αἴτιον
1008 1813 1028 1895 ή
1062 1817 1204 1896 διηνεκὴς

89 1933 129 1975 εει
143 1933 174 1974 ω.
187 1927 282 1996 νήψις
313 1912 364 1976 καί
394 1914 427 1976 τὸ
460 1919 628 1993 μετρεῖσθαι
660 1909 729 1996 παρ’
757 1916 858 1988 αὐτοῖς
888 1913 1005 1995 τροφήν
1036 1914 1087 1975 καί
1117 1914 1203 1977 πόσιν
1285 1953 1290 1982 ι

187 2014 271 2094 λιτήν
303 2013 353 2074 καλ
381 2011 554 2093 ἀπερίεργον
583 2011 633 2073 καί
662 2015 870 2087 σπανίζουσαν.
916 2011 1015 2084 οὐδείς
1044 2010 1101 2093 γάρ
1131 2007 1200 2093 παρ’

187 2114 290 2186 αὐτοῖς
316 2113 404 2193 κόρος
430 2109 481 2171 καί
507 2112 646 2191 χορτασία
672 2112 799 2189 κοιλίας,
826 2103 889 2171 ἀλλ’
910 2109 1008 2172 ἔνδεια
1035 2110 1131 2190 πολλή
1156 2110 1203 2171 καί

148 2230 174 2270 ιο
188 2209 341 2293 ὀλιγοδεΐα.
378 2216 419 2294 τῷ
440 2207 472 2270 δὲ
492 2207 713 2292 προσερχομένη
733 2212 860 2288 ζηλῶσαι
878 2209 929 2270 τὸν
947 2209 1015 2288 βίον
1034 2208 1092 2276 οὐκ
1110 2207 1205 2282 εὐθύς

187 2308 391 2388 ἀδοκιμάστως
420 2306 470 2368 καί
496 2305 690 2389 ἀγυμνάστως
719 2304 946 2387 παραδέχονται,
976 2298 1038 2366 ἀλλ’
1066 2305 1205 2369 ἐνιαυτὸν

188 2407 242 2480 ἔξω
266 2405 392 2486 μένοντα
414 2404 469 2483 τὴν
491 2403 586 2483 αὐτήν
604 2403 796 2465 ἀποτίθενται
815 2404 931 2464 δίαιταν
948 2401 998 2463 καί
1016 2403 1205 2481 κατάστασιν,

188 2503 341 2586 ἀξινάριόν
376 2525 406 2563 τε
441 2500 492 2562 καί
522 2503 671 2584 περίζωμα
703 2501 804 2576 δόντες
834 2500 885 2562 καί
915 2502 1054 2582 πενιχρὸν
1086 2501 1205 2580 ἱμάτιον

188 2600 389 2682 γυμνάζουσιν
411 2593 457 2661 ἐπ’
479 2599 575 2681 ἔργοις
597 2598 726 2680 ἀρίστοις
746 2597 796 2660 καί
819 2599 924 2679 λόγοις.
970 2592 1032 2660 εἶτα
1055 2598 1128 2677 μετά
1150 2598 1205 2678 τήν

149 2718 175 2758 τε
190 2707 242 2778 τῆς
269 2698 420 2777 καρτερίας
448 2697 589 2771 ἐπίδειξιν
614 2696 701 2758 δυσίν
724 2695 823 2771 ἀλλοις
846 2697 918 2758 ἔτεσι
941 2696 973 2757 τὸ
997 2687 1076 2775 ήθος
1098 2695 1151 2757 καὶ
1174 2695 1205 2757 τὸ

189 2795 222 2857 ἐν
244 2805 336 2855 πᾶσιν
358 2793 493 2872 ὑπήκοον
516 2795 716 2875 δοκιμάζεται,
743 2793 793 2855 καὶ
816 2793 921 2872 φανείς
944 2792 1025 2869 ἀξως
1047 2792 1099 2854 καί
1124 2794 1204 2855 δόκι-

262 2990 276 3039 1
298 2984 369 3053 πρὸς
389 2983 440 3038 τὸν
462 2983 534 3039 θεὸν
553 2990 617 3052 post
638 2983 740 3048 νυκτὸς
762 2985 814 3040 ins.
833 2984 870 3052 Β,
898 2988 959 3053 post
981 2981 1087 3051 αὐγους
1104 2982 1143 3038 Μ.
1170 3015 1204 3022 -

190 3056 295 3128 αὐγους
307 3056 341 3111 Ν.
358 3087 391 3095 -
407 3062 423 3109 4
438 3053 518 3123 ἕκτης
532 3052 673 3122 άραςΑΒ.
689 3087 722 3096 -·
738 3060 754 3109 8
768 3052 968 3126 προκατέχεται
983 3052 1040 3107 CR.
1055 3085 1092 3094 -
1107 3059 1141 3107 13
1156 3055 1205 3108 καί

190 3127 390 3195 δειπνήσαντες
403 3143 453 3183 om.
465 3125 574 3181 BCFR.
587 3159 622 3166 —
638 3132 671 3180 16
686 3121 809 3195 οὐπερΕ
827 3121 918 3192 ὦνπερ
934 3126 1006 3178 Β.-
1021 3130 1053 3178 22
1070 3122 1205 3192 μόνουται

190 3202 219 3270 (ι’.
230 3217 250 3255 e.
266 3197 377 3269 μένοντι
391 3214 458 3253 corr.
474 3215 487 3252 e
500 3195 631 3267 μένοντα)
646 3197 669 3250 Β
684 3195 806 3268 (μένοντι
819 3197 926 3266 Ρδοε.).
940 3228 977 3236 -
991 3200 1025 3248 23
1038 3197 1080 3267 τε]
1095 3197 1128 3251 δὲ
1143 3195 1200 3251 BG.

262 3373 278 3420 5
298 3363 532 3432 συναθροίζονται
550 3367 599 3419 καὶ
611 3364 800 3420 καθίστανται
874 3363 883 3384 ’
900 3363 1018 3438 ἡσυχίας
1035 3367 1138 3432 πολλῆς
1156 3365 1205 3418 καί

191 3433 336 3522 εὐλαβείας
348 3437 370 3489 Ρ
385 3437 443 3557 (χαλ
456 3435 638 3490 καθισάντων
652 3434 718 3506 μεθ’
736 3436 808 3508 ήσυχ
821 3457 855 3498 ας
867 3436 943 3504 λοι).
960 3468 992 3476 -
1013 3441 1046 3489 14
1061 3435 1206 3524 σχινήθους

191 3509 256 3642 χείοχχ
274 3512 379 3625 σΡιωπῆς
416 3537 471 3558 .-
492 3511 525 3559 18
543 3504 710 3576 ἀπερίεργόν
728 3526 758 3561 τε
776 3508 825 3561 καί
844 3525 888 3561 σπ.
903 3507 932 3560 P.
949 3539 983 3547 -
1002 3511 1036 3560 20
1054 3510 1137 3562 τονδε
1155 3505 1206 3560 τὸν
