2617 3909
179 209 245 273 360
489 209 676 260 ΓΕΩΡΙἾΟΤ
693 208 877 260 ΜΟΝΑΧΟΤ

176 357 317 437 κακίστης
349 356 513 436 συνηθείας
544 355 577 418 τό
609 357 710 430 πάθος
742 356 867 435 φάσκων
899 356 1005 428 οὕτως·
1041 353 1120 437 ἀρχή
1145 355 1201 435 μὲν

177 458 283 539 ἔρωτος
306 457 422 539 ὅρασις,
445 453 527 527 αόξει
549 453 582 516 δὲ
605 453 761 528 τὸπάθος
784 453 879 534 έλπίς,
901 452 1001 535 τρέφει
1024 451 1058 514 δέ
1081 454 1203 534 μνήμη,

176 561 263 636 τηρεῖ
280 553 312 616 δὲ
335 554 490 632 συνήθεια.
537 551 584 614 διό
607 551 658 613 καλ
676 552 839 634 Σωκράτης
857 550 892 612 τδι
914 550 1067 631 βλέμματα
1091 552 1147 613 καλ
1166 553 1203 614 τὰ

177 653 329 733 φιλήματα
364 661 423 713 τῶν
458 649 619 732 εὐμόρφων
654 649 695 724 ὡς
730 650 928 731 χαλεπώτερον
960 651 1116 732 σκορπίων
1150 651 1202 713 καλ

150 750 278 830 σόφεων
305 750 352 813 ίόν
378 747 488 812 ἐνιέναι
514 747 670 826 πεφυκότα
696 746 879 829 ἀποφεύγειν
906 746 1069 810 ἐδίδασκεν.
1125 749 1203 811 ὅθεν

178 850 252 911 λδοόν
274 871 341 910 τινα
362 847 528 925 φιλήσαντα
550 844 620 908 νέον
642 844 768 908 εύοπτον
792 845 899 925 οὕτως,
927 845 1001 924 ἔφη,
1024 846 1140 930 ῥᾳδίως
1163 846 1203 908 ἀν

177 946 228 1009 καί
254 947 297 1020 είς
324 947 466 1026 μαχαίρας
492 944 676 1025 κυβιστήσειε
703 943 753 1004 καὶ
779 944 823 1017 εἰς
848 953 909 1025 πῦρ
932 943 1087 1023 ἐμπέσοιεν
1112 944 1130 1007 ὁ
1152 967 1202 1007 το-

178 1045 292 1123 σαύτην
310 1044 448 1123 δηλονότι
465 1041 565 1123 πυρὰν
582 1040 616 1104 έν
633 1041 728 1126 ἑαυτῷ
738 1042 959 1122 κατατολμήσας
971 1041 1098 1120 ἀνάψαι.
1127 1048 1202 1105 Διο-

178 1142 267 1226 γένης
294 1140 327 1204 δέ
354 1141 539 1220 θεασάμενος
566 1141 718 1221 μειράκιον
745 1137 949 1221 ἀσελγέστερον
971 1137 991 1219 ἢ
1014 1133 1079 1200 κατ’
1100 1138 1203 1223 ἀνδρα

138 1241 166 1300 1ο
179 1239 400 1321 κεκοσμημένον
429 1233 522 1301 εἶπεν·
554 1238 582 1300 εί
608 1234 662 1316 μέν
689 1236 763 1319 πρὸς
790 1235 915 1317 ἀνδρας,
947 1236 1078 1318 ἀτυχεῖς,
1112 1239 1142 1299 εί
1168 1236 1202 1299 δὲ
1280 1281 1281 1306 ι

179 1340 254 1422 πρὸς
276 1342 430 1421 γυναῖκας,
453 1336 572 1409 ἀδικεῖς.
617 1341 737 1418 θηρῶσι
759 1334 814 1417 γάρ
838 1334 888 1396 διὰ
910 1343 964 1395 τοῦ
985 1339 1202 1416 καλλωπισμοῦ

180 1435 213 1499 οῖ
232 1436 287 1517 μέν
309 1433 415 1515 ἀνδρες
437 1434 489 1508 τὰς
511 1437 670 1515 γυναῖκας,
696 1435 731 1494 αἱ
751 1431 782 1495 δὲ
804 1438 943 1516 γυναῖκες
965 1432 1015 1494 καὶ
1030 1435 1072 1495 ὀἱ
1092 1433 1202 1514 ἀνδρό-

179 1557 267 1614 γυνοι
299 1532 368 1605 τοὺς
400 1529 520 1611 ἄνδρας.
570 1529 620 1591 καὶ
653 1529 752 1609 μέντοι
781 1529 832 1592 καί
863 1532 1009 1618 Γησίλαος
1041 1531 1201 1615 εὐμόρφου

180 1630 240 1712 ήρα
262 1629 369 1702 παιδὸς
390 1627 441 1689 καλ
463 1627 644 1708 βουλόμενος
667 1628 759 1691 αὐτὸν
782 1634 906 1709 φιλῆσαι
929 1629 1107 1692 διεκώλυσεν
1131 1630 1200 1692 ἑαυ-

141 1747 168 1790 ισ
181 1727 233 1790 τόν
256 1728 377 1808 φεύγων
399 1725 454 1804 τήν
476 1726 600 1806 βλάβην.
646 1726 662 1789 δ
686 1723 719 1789 δὲ
738 1721 929 1808 Ἀλέξανδρος
951 1725 1021 1789 ούδέ
1048 1728 1126 1789 ἰδεῖν
1149 1727 1203 1802 τὰς

180 1826 310 1907 Δαρείου
332 1822 499 1907 θυγατέρας
521 1823 643 1899 εύειδεῖς
666 1822 742 1906 ἀγαν
760 1824 810 1886 καλ
829 1823 1000 1907 παρθένους
1019 1823 1113 1900 ούσας
1131 1825 1201 1907 ήνέ-

181 1932 262 2004 σχετο
289 1927 439 1996 παντελῶς
469 1922 590 2004 αἰσχρόν
616 1923 742 2001 νομίσας
768 1921 819 1984 καί
846 1924 912 1984 λίαν
934 1920 1047 1984 ἀτοπον
1069 1924 1124 1986 τὸν
1148 1923 1200 1986 ἀν-

181 2024 255 2105 δρας
277 2020 380 2084 έλόντα
401 2019 461 2081 ύπδ
483 2029 635 2101 γυναικῶν
658 2018 835 2101 ἡττηθῆναι.
881 2021 958 2082 ούτω
977 2018 1079 2082 δὲκαὶ
1097 2027 1200 2106 Κῦρος

183 2118 199 2181 δ
222 2125 349 2201 Περσῶν
371 2117 509 2199 βασιλεὺς
532 2115 604 2179 ούδέ
625 2118 796 2180 θεάσασθαι
817 2118 912 2200 κόρην
933 2117 1001 2180 τινὰ
1022 2123 1201 2199 θαυμασίαν
1283 2115 1284 2134 ³

142 2239 169 2280 ω
182 2217 401 2300 ἀφορισθεῖσαν
423 2215 503 2300 αύτῷ
523 2214 572 2276 καί
596 2214 750 2296 ἀμήχανον
773 2217 879 2290 κάλλος
901 2216 977 2297 ἔχειν
995 2219 1201 2299 μαρτυρουμέ-

182 2340 242 2395 νην
264 2313 444 2393 κατεδέξατο,
470 2312 543 2374 ἀλλά
565 2335 597 2395 γε
619 2313 670 2374 καὶ
695 2316 731 2398 τῷ
752 2311 858 2395 δρῶντι
881 2323 1009 2394 συνεχῶς
1031 2313 1082 2375 καί
1107 2315 1202 2395 μηδὲν

183 2413 217 2474 έκ
239 2413 346 2475 τούτου
369 2411 469 2474 δεινὸν
491 2411 612 2493 πάσχειν
634 2409 748 2493 λέγοντι
765 2409 892 2496 παρήκει
911 2412 982 2491 μήτε
1001 2410 1095 2493 λέγειν
1114 2421 1202 2502 τοῦτο

256 2590 311 2638 6—
315 2601 343 2654 p.
354 2589 440 2651 361,2
454 2582 551 2638 Isidor.
565 2581 658 2638 Pelus.
668 2581 739 2652 Epp.
750 2582 803 2652 111,
814 2588 847 2638 66
861 2582 957 2653 Migne
967 2583 1044 2638 Tom.
1056 2589 1100 2652 78,
1109 2586 1201 2640 7763.

256 2740 272 2787 ³
291 2733 327 2787 τὰ
345 2740 409 2788 ante
427 2733 569 2804 φιλήματα
587 2750 638 2789 om.
659 2733 754 2788 LExe.
779 2766 814 2775 —
837 2740 854 2787 4
873 2736 1049 2807 χαλεπώτερα
1067 2735 1203 2791 MVExc.

185 2838 221 2846 —
241 2811 257 2858 ό
275 2802 437 2872 πεφυκότας
454 2805 509 2858 ΕΝ
518 2805 583 2860 Exo.
598 2812 624 2860 et
637 2805 693 2874 ΑΡ,
711 2805 758 2860 sed
776 2807 807 2860 ι’νι
821 2806 843 2859 P
862 2827 875 2868 ς
893 2822 962 2861 era&
975 2813 1021 2874 est,
1039 2811 1071 2861 ε’νι
1083 2807 1111 2860 A
1129 2810 1204 2862 inter

185 2877 264 2932 scrib.
284 2877 398 2929 deletum
416 2892 470 2930 esse
487 2876 542 2930 vid.
566 2875 734 2946 πεφυκότων
753 2877 805 2930 FL.
830 2909 863 2918 -
888 2884 904 2932 6
923 2878 991 2932 ἰδών
1011 2898 1076 2932 τινα
1094 2877 1204 2933 ΑΝΡΒ

184 2947 251 3002 laid.
281 2945 345 3000 τινδι
368 2946 437 3001 ἰδὼν
455 2947 516 3002 rell.
539 2979 575 2988 -
598 2944 680 3011 οὗτος
697 2947 793 3001 FIsid.
818 2981 852 2989 —
876 2953 891 3002 7
911 2947 1052 3018 έμπέσειεν
1070 2949 1142 3018 (ένττ.
1160 2951 1203 3021 Μ)

185 3017 299 3072 Bm.
323 3049 358 3058 —
383 3023 415 3071 13
439 3019 488 3072 καλ
510 3018 605 3088 μέντοι
628 3036 678 3074 om.
698 3019 795 3073 BExc.
825 3052 857 3061 -
885 3019 1054 3090 γησιλαδςΡ
1076 3019 1205 3090 γισίλαος

185 3087 314 3143 AGELN
336 3085 487 3159 ἀγησίλαος
499 3089 651 3144 BFVIsid.
671 3097 696 3146 et
713 3091 777 3145 Exc.
797 3107 864 3146 οων.
879 3109 913 3146 εκ
930 3090 1093 3162 ἀγησήλαος.
1118 3093 1203 3160 ἀρκε-

188 3157 283 3224 σλλαος
296 3160 329 3213 Β.
345 3192 378 3200 -
399 3167 432 3214 14
451 3162 599 3216 διεκώλυεν
613 3162 714 3216 Alsid.
730 3195 763 3202 -
783 3163 870 3217 αὐτόν
887 3163 947 3217 BR.
963 3195 996 3203 -
1016 3169 1048 3217 17
1068 3163 1117 3218 καλ
1135 3161 1204 3219 λίαν

186 3232 294 3286 ἀτοπον
317 3248 367 3287 σοι.
387 3232 559 3286 ΡΕιο.Ιοί(1.
583 3265 617 3273 -
641 3233 716 3303 ἄγαν
738 3230 803 3288 λίαν
821 3233 880 3288 VR.
904 3265 937 3274 -—
959 3234 1010 3289 τόν
1033 3251 1083 3290 om.
1104 3233 1140 3288 N.
1165 3267 1202 3275 —

187 3308 221 3357 18
240 3310 324 3371 κῦρος
337 3303 446 3358 DEGV
463 3304 549 3370 κόρος
566 3303 635 3357 rell..
656 3337 689 3344 -
709 3311 742 3358 22
761 3304 880 3376 πάσχειν
899 3306 995 3360 δεινόν
1012 3305 1144 3360 BMIsid.
1164 3339 1202 3347 -

186 3374 280 3443 τοῦτο]
299 3373 368 3428 αύτδ
385 3373 411 3426 D
432 3375 507 3427 αύτῶ
525 3373 563 3425 Μ.

261 3517 275 3564 1
295 3511 383 3577 ούτως
401 3530 450 3567 om.
465 3512 495 3566 P.
511 3544 544 3552 —
565 3518 579 3564 ’λ
601 3510 614 3565 ὅ
628 3515 766 3582 τοσαύτην
784 3520 852 3570 καθ
870 3533 904 3572 σω
922 3513 1003 3580 οὗτος
1016 3517 1103 3586 αύτὴν
1116 3518 1147 3570 Ρ.
1163 3549 1203 3560 -

189 3585 205 3633 8
224 3581 272 3634 καὶ
291 3585 361 3651 διογ.
376 3582 408 3636 δὲ
426 3582 455 3635 Ρ.
476 3614 509 3621 -
530 3586 563 3635 Ιό
582 3581 597 3634 ὁ
616 3581 648 3636 δὲ
667 3582 752 3654 μέγας
770 3585 939 3656 ἀλέξανδρος
956 3588 986 3642 P.
