2617 3909
522 243 712 294 xnonmon
1060 241 1123 306 381

113 390 163 452 καλ
185 389 278 472 ἁγίων
301 390 351 452 καὶ
374 391 490 453 δούλων
512 400 566 452 τοῦ
593 397 683 471 θεοῦ,
710 390 760 452 καὶ
783 390 1007 470 ἀπομεινόνταν
1030 391 1128 472 ὥσπερ

113 489 146 551 ἐν
173 491 272 574 εἱρκτῆ
300 499 359 551 τῶν
386 490 538 570 δυσσεβῶν
564 488 615 550 καί
641 488 800 570 ἀλιτηρίων
823 489 940 570 ἐρήμων
962 489 1036 552 κατὰ
1058 489 1128 562 τοὺς

114 587 206 648 πόλαι
237 586 422 670 ὁμοτρόπους
452 587 552 648 αὐτῶν
581 587 826 668 τρισκαταρότους
853 589 1028 669 Σοδομίτας.
1078 587 1128 648 καί

114 684 169 766 γὰρ
192 684 259 765 περὶ
282 683 336 764 μὲν
357 695 417 747 τῶν
444 684 558 747 πόλεων
581 685 728 762 Σοδόμων
750 685 983 766 πρεσβευόμενος
1006 683 1022 746 δ
1045 691 1129 759 θεῖος

110 776 245 864 Ἁβραάμ
277 799 383 863 φησιν·
416 783 457 862 μή
489 781 635 866 διπολέσης
662 784 779 845 δίκαιον
809 784 879 863 μετδι
906 783 1046 865 ἀσεβοῦς,
1078 783 1129 844 καί
1156 803 1168 843 ε

113 882 195 944 ἔσται
217 879 234 943 δ
258 882 372 954 δίκαιος
394 879 434 955 ὥς
457 879 473 943 δ
496 879 613 961 ἀσεβής,
650 881 697 943 διὸ
720 880 770 942 καλ
789 881 805 945 δ
824 883 1039 964 φιλάνθρωπος
1057 881 1129 955 θεὸς

114 979 315 1061 ἐπηγγείλατο,
337 980 365 1040 ελ
385 977 535 1060 εὑρεθεῖεν
557 978 591 1040 ἐν
609 978 759 1058 Σοδόμοις
777 981 888 1042 δίκαιοι
906 978 986 1059 δέκα,
1009 987 1061 1060 τῆς
1079 975 1126 1042 ἐπ’

70 1107 77 1121 ·
114 1076 217 1152 αὐτοῖς
239 1075 330 1159 όργῆς
352 1077 535 1159 καταλήγειν.
579 1072 643 1138 ἀλλ’
664 1077 719 1159 οὐχ
740 1079 890 1159 εὕρηνται,
913 1078 986 1140 ὅθεν
1004 1077 1054 1140 καί
1076 1075 1129 1157 όίρ-

29 1168 34 1196 ¹
114 1176 173 1254 δην
195 1174 358 1237 ἀπώλοντο.
394 1173 461 1256 περί
478 1172 511 1235 δέ
529 1184 581 1254 τῆς
595 1171 787 1256 Ἰερουσαλήμ
804 1176 968 1257 ἐκλιπαρῶν
987 1176 1003 1239 δ
1021 1175 1129 1238 θεσπέ-

114 1291 179 1347 σιος
197 1267 352 1354 Ἱερεμίας,
379 1272 438 1352 ἔφη
464 1272 538 1356 πρὸς
561 1273 652 1335 αὐτὸν
675 1275 764 1336 πόλιν
788 1273 803 1337 δ
826 1274 910 1347 θεός·
941 1275 1129 1356 περιδρόμετε
1144 1295 1170 1335 1⁰
1224 1343 1227 1349 ¹

114 1370 147 1432 ἐν
174 1377 240 1446 ταῖς
267 1371 349 1445 ὁδοῖς
365 1365 558 1452 Ἰερουσαλήμ
584 1370 634 1432 καλ
662 1372 735 1434 ἴδετε
764 1371 815 1434 καί
843 1382 935 1453 γνῶτε
964 1371 1014 1433 καί
1043 1373 1130 1452 ζητή-

115 1487 182 1531 σατε
209 1469 244 1531 ἐν
272 1475 336 1541 ταῖς
362 1470 512 1543 πλατείαις
538 1469 645 1550 αὐτῆς,
672 1469 723 1531 καί
749 1469 802 1532 ἐδιν
829 1471 932 1552 εὕρητε
959 1468 1055 1553 όνδρα
1081 1469 1130 1531 καί

115 1566 175 1628 ἔστι
196 1576 294 1629 ποιῶν
317 1568 407 1648 κρίμα
428 1565 479 1627 καί
496 1570 590 1646 ζητῶν
608 1569 718 1648 πίστιν,
741 1569 824 1641 ῖλεως
842 1569 945 1648 ἔσομαι
963 1569 1037 1654 αὐτῆ
1056 1567 1131 1650 λέγει

115 1665 227 1747 κύριος.
273 1662 348 1725 όιλλοί
369 1687 401 1745 γε
423 1663 474 1726 καλ
497 1665 572 1744 αὕτη
591 1675 677 1728 τοῦτο
696 1667 878 1740 σπανίζουσα
896 1677 948 1747 τῆς
966 1668 1131 1746 θεομηνίας

116 1761 299 1843 ἀπήλαυσεν,
321 1760 371 1823 καί
394 1762 450 1824 οὐκ
472 1761 505 1824 ἐν
522 1761 599 1847 όλλιμ
617 1762 724 1851 χρόνῳ,
746 1758 810 1826 ἀλλ’
826 1763 859 1826 ἐν
877 1771 940 1839 ταῖς
958 1774 1010 1844 τῆς
1028 1764 1130 1846 ἐορτῆς
1144 1791 1170 1832 ιε
1186 1794 1225 1833 2⁸3
1238 1792 1270 1832 Μ,

117 1857 248 1943 ήμέραις.
293 1859 343 1921 καί
370 1861 448 1939 μάλα
474 1885 506 1942 γε
533 1863 666 1934 δικαίως·
699 1861 787 1944 ἐχρῆν
813 1861 868 1944 γὰρ
896 1862 1006 1938 αὐτοὺς
1028 1862 1061 1924 ἐν
1084 1857 1131 1934 αίς

117 1955 241 2039 ήμέραις
264 1959 306 2031 είς
328 1957 380 2019 τὸν
403 1959 508 2040 κόριον
528 1959 692 2040 ἐξήμαρτον
709 1960 742 2022 ἐν
760 1960 863 2034 αὐταῖς
881 1959 984 2042 καὶτὰ
1002 1961 1131 2042 ἐπίχειρα

117 2067 170 2136 τῆς
191 2057 411 2138 χριστοκτονίας
432 2055 606 2136 ὑποστῆναι.

181 2149 213 2215 Ὁ
242 2152 275 2215 δέ
301 2177 333 2235 γε
361 2152 483 2236 Νέρων,
511 2154 744 2235 κραταιουμένης
772 2155 849 2241 αὐτῷ
875 2165 927 2236 τῆς
956 2155 1062 2240 ἀρχῆς,
1089 2158 1131 2232 είς

117 2250 260 2325 ἀνοσίους
286 2251 405 2334 πράξεις
431 2250 562 2324 ἐξώκειλε
588 2251 639 2313 καί
661 2252 797 2336 ἀλλότρια
819 2263 872 2334 τῆς
894 2257 1042 2335 βασιλείας
1065 2255 1130 2317 ἐπε-
1144 2280 1170 2320 no

116 2349 224 2429 τήδευε
250 2350 407 2431 πράγματα
434 2351 597 2430 κιθαρίζων
624 2351 675 2412 καί
701 2352 860 2438 τραγῳδῶν
882 2352 932 2414 καί
955 2351 1132 2435 ὀρχούμενος

117 2445 165 2508 ἐπλ
186 2457 249 2509 τῶν
271 2447 415 2529 θεάτρων.
460 2446 510 2509 καλ
532 2448 606 2529 πρὸς
628 2449 744 2523 τούτοις
766 2449 816 2510 καλ
833 2450 941 2525 πόσαις
958 2451 1051 2513 αὐτοῦ
1069 2458 1133 2527 ταῖς

118 2544 362 2627 δθεμιτουργίαις
375 2544 426 2606 καλ
435 2546 467 2608 τὸ
481 2555 534 2626 τῆς
547 2548 709 2627 θεομαχίας
723 2547 816 2626 μύσος
829 2548 997 2629 προσέθηκε
1007 2551 1133 2630 διώκτης

118 2653 236 2725 πρῶτος
253 2641 409 2724 γενόμενος
427 2652 480 2706 τοῦ
498 2645 586 2706 θείου
603 2645 701 2726 λόγου.
738 2646 809 2725 μετὰ
823 2644 855 2708 δὲ
869 2656 960 2710 ταῦτα
973 2647 1133 2728 ἐπιβουλῆς

120 2737 183 2801 κατ’
204 2740 298 2802 αὐτοῦ
320 2741 507 2821 μηνυθείσης
532 2741 623 2826 αὐτῷ,
652 2741 702 2804 καί
724 2744 767 2817 είς
789 2741 882 2826 ἐίκρον
904 2746 1012 2824 μανίας
1034 2745 1132 2810 ἐλθὼν
1147 2769 1173 2810 ετ

193 2916 209 2965 5
229 2912 296 2966 Gen.
309 2917 352 2979 18,
362 2917 403 2966 23.
415 2944 448 2953 -
464 2918 479 2965 ’ί
494 2915 529 2968 λδ.
539 2931 563 2968 ο.
574 2919 616 2968 32.
628 2946 662 2955 —
679 2913 821 2969 10Jerem.
832 2921 858 2984 5,
869 2921 892 2970 1.
904 2947 937 2956 -
953 2920 1057 2972 16-18
1067 2915 1132 2972 Eue.

121 2981 194 3036 Ηίεί.
209 2983 275 3038 eccl.
291 2982 338 3051 111,
352 2988 378 3051 5,
393 2990 416 3037 6.
436 3016 472 3024 -
491 2990 595 3055 19-γ.
611 2990 673 3052 382,
688 2991 703 3039 2
722 2987 756 3053 cf.
771 2986 872 3042 Euseb.
887 2987 921 3055 11,
935 2993 977 3042 25.
1093 3053 1096 3066 ,

194 3133 210 3179 2
233 3123 390 3196 ἀλητηρίων
412 3126 501 3180 ANR.
525 3159 559 3166 —
582 3134 600 3181 4
622 3137 678 3184 τῶν
700 3127 790 3198 μένῦ
813 3129 864 3198 μὲν
887 3146 936 3184 om.
955 3130 985 3184 F.
1011 3162 1044 3170 -
1067 3148 1133 3198 πρε-

123 3196 230 3266 σβεόων
243 3197 273 3251 F.
291 3229 323 3237 -
343 3202 358 3250 ’1
373 3198 516 3266 εὑρεθεῖεν
530 3199 662 3253 ABDLV
678 3201 792 3269 εδρεθεῖ
803 3199 883 3254 EFM
901 3201 1005 3270 εὑρεθῆ
1020 3199 1040 3256 C
1059 3202 1133 3271 εὑρε-

121 3269 196 3321 θῶοι
216 3267 318 3323 RGon.
337 3300 373 3309 -
397 3274 411 3321 7
431 3265 476 3323 ἐπ’
492 3270 596 3332 αὐτοὺς
613 3271 638 3323 Α
658 3268 702 3325 ἐπ’
719 3273 806 3341 αὐτῆς
823 3271 849 3325 N
872 3279 898 3328 et
919 3289 989 3328 τοτα,
1009 3272 1132 3341 quidam.

124 3367 157 3376 —
177 3344 192 3391 9
212 3340 428 3407 ἐκλιπαροῶντος
449 3349 500 3396 τοῦ
517 3340 670 3397 θεσπεσίου
691 3340 813 3412 ίερεμίου
831 3343 887 3397 FV.
911 3375 945 3384 —
970 3349 1002 3398 12
1022 3342 1133 3414 εὕρηται

122 3405 260 3464 Acnnv
273 3417 298 3466 et
310 3426 381 3465 rece.
395 3411 530 3468 nonnulli.
546 3445 580 3453 -
600 3419 633 3467 13
652 3413 725 3476 ίλεος
735 3414 797 3468 ΑΜ.
813 3445 847 3454 -
866 3419 898 3468 14
912 3415 1013 3470 τούτου
1027 3415 1084 3470 Bn.
1101 3447 1133 3455 -

125 3483 158 3531 19
173 3499 204 3549 γε
217 3499 268 3537 ονε.
283 3481 305 3534 L
319 3489 344 3537 τί
355 3498 427 3537 reon.
438 3483 562 3551 quidam.
575 3516 607 3524 -
624 3490 659 3538 20
673 3484 838 3553 ἐπετήδευσε
851 3485 940 3540 BER.
951 3518 985 3528 -
1001 3493 1034 3541 23
1049 3495 1135 3557 μῦσος

123 3547 173 3630 ΒΥ
191 3560 217 3609 τί
231 3568 301 3607 tenc.
321 3553 436 3622 qnidam
459 3552 539 3623 μίσος
555 3571 625 3610 roeo.
643 3555 701 3610 nlii
721 3589 756 3598 —
775 3563 808 3611 25
827 3557 876 3611 καί
894 3575 945 3614 om.
960 3558 1009 3612 FN
1018 3558 1084 3613 Exc.
1100 3559 1134 3612 de

124 3619 207 3678 mid.
231 3625 281 3680 καλ
299 3623 348 3678 διδι
365 3633 448 3680 τοῦτο
467 3625 507 3689 είς
524 3625 556 3681 V.
