2617 3909
193 213 236 277 90
505 214 691 266 ΓΕΩΡΓΙΟΤ
708 214 892 266 MONAXOT

192 362 286 424 ἐκεῖνό
309 385 340 443 γε
359 362 479 423 πάντων
496 367 595 423 καλῶν
612 361 719 441 αἴτιον,
740 361 877 443 δεύτερον
896 357 927 421 δὲ
945 358 1011 440 περὶ
1029 358 1065 420 τὰ
1083 359 1206 442 δεύτερα

193 459 243 521 καὶ
265 461 364 541 τρίτον
386 458 452 540 περὶ
474 459 510 520 τὰ
531 459 620 540 τρίτα.

259 557 320 619 Καὶ
342 555 442 630 ἁπλῶς
464 557 514 619 ἴνα
531 557 704 636 συλλήβδην
722 555 789 638 περί
806 565 866 617 τῶν
884 555 982 618 αὐτῶν
1001 547 1093 629 αὖθις
1111 577 1206 634 κεφα-

191 656 325 728 λαιωδῶς
355 655 428 716 εἴπω
455 653 505 715 καλ
531 659 746 736 περιληπτικῶς
773 649 813 715 δι’
843 652 998 733 ἐπιτομῆς,
1030 651 1124 714 πολλὰ
1152 651 1206 731 μὲν
1294 727 1295 730 ¹

81 776 107 816 οε
119 774 150 815 Μ.
165 773 177 814 ε
191 745 247 815 οὖν
269 751 320 813 καί
341 751 517 814 παντοδαπὰ
534 763 593 814 τῶν
616 753 770 831 δυσσεβεῖν
788 749 974 833 αἱρουμένων
992 749 1027 812 τά
1046 752 1136 830 στίφη
1155 750 1206 811 καλ

192 851 324 932 διάφορα
346 859 398 929 τῆς
420 851 609 930 βλασφημίας
631 849 667 910 τὰ
687 847 768 930 βέλη,
790 846 966 928 πολυσχιδὲς
989 845 1021 910 δὲ
1039 846 1089 909 καί
1106 849 1205 910 ποικί-

191 953 244 1010 λον
266 947 299 1009 τὸ
317 949 441 1029 ψεῦδος,
463 946 542 1028 διπλῆ
566 945 597 1009 δὲ
620 957 673 1027 τῆς
690 946 834 1025 ἀληθείας
856 943 875 1025 ἡ
899 947 989 1027 χάρις.
1026 943 1045 1025 ἡ
1070 943 1125 1024 μὲν
1147 945 1204 1028 γάρ

192 1048 330 1127 ποιητικῆ
354 1047 450 1125 φάλαξ
473 1047 515 1120 εἰς
538 1045 630 1107 πολλὰ
656 1045 688 1107 τὸ
711 1050 798 1106 θεῖον
825 1051 864 1128 τῷ
888 1045 965 1130 λόγῷ
988 1045 1206 1126 καταμερίσασα
1295 1059 1296 1072 ’

188 1143 242 1232 καὶ
260 1144 292 1206 τὸ
315 1145 430 1222 ψεῦδος
452 1151 491 1228 τῷ
511 1150 623 1228 τερπνῷ
637 1151 691 1205 τοῦ
710 1143 873 1222 μυθώδους
895 1143 1043 1222 κεράσασα
1065 1141 1115 1202 καί
1139 1136 1206 1204 οἷόν

152 1266 178 1306 ιο
191 1267 257 1305 τινα
288 1252 423 1304 κυκεῶνα
454 1242 695 1303 κατασκευάσασα
728 1250 781 1320 τῆς
812 1238 966 1302 πολυθὲου
997 1240 1113 1319 πλάνης
1144 1246 1206 1312 τοῖς

191 1340 365 1422 ἀνθρώποις
388 1341 444 1420 τὴν
467 1339 566 1420 μέθην
584 1338 793 1422 προσήνεγκεν.
830 1335 849 1417 ἡ
869 1335 901 1399 δὲ
916 1336 1073 1416 σοφιστικὴ
1093 1335 1126 1398 ἐν
1144 1339 1206 1419 τρί-
1296 1377 1297 1420 5

191 1441 266 1519 βωνι
289 1444 381 1522 λευκῷ
401 1437 451 1499 καὶ
473 1437 595 1519 πώγωνι
615 1443 717 1519 μακρῷ
731 1435 781 1497 καί
799 1435 876 1519 κόμη
895 1441 1027 1516 κεφαλῆς
1043 1435 1100 1514 τὴν
1118 1440 1206 1513 φιλο-

191 1537 302 1614 σοφίαν
325 1533 479 1616 ὁριζομένη
502 1545 555 1614 τῆς
576 1543 733 1614 ποιητικῆς
748 1534 914 1614 θεολογίας
936 1532 968 1594 τὸ
991 1527 1206 1614 καταγέλαστον

191 1631 289 1714 δρῶσα
311 1631 409 1712 ἓτέρας
430 1632 546 1710 πλάνης
565 1630 724 1709 ἐπενόησεν
747 1629 897 1712 ἀτραποὺς
914 1628 956 1703 εἰς
974 1629 1046 1691 αὐτὸ
1065 1630 1097 1692 τὸ
1117 1652 1206 1709 ποιη-
1297 1669 1298 1682 1

151 1752 177 1794 ιε
190 1730 273 1791 τικὸν
296 1729 389 1790 ἐκεῖνο
412 1729 569 1811 βάραθρον
590 1727 770 1810 άπαγοάσας.
808 1729 840 1789 οἱ
860 1725 913 1807 μλν
936 1727 991 1810 γὰρ
1014 1736 1050 1812 τῆ
1073 1729 1207 1812 κομψείμ

190 1837 243 1889 τοῦ
269 1826 358 1907 λόγου
381 1825 432 1887 καλ
453 1835 489 1910 τῆ
512 1836 572 1887 τῶν
594 1825 814 1905 ἐνθυμημάτων
838 1824 983 1904 δεινότητι
1005 1833 1040 1910 τῆ
1064 1835 1205 1908 ποιητικῆ

190 1925 245 2004 τῆν
261 1923 328 2006 περὶ
346 1934 406 1986 τῶν
424 1930 506 1984 θεῶν
523 1924 733 2005 αἰσχρουργίαν
751 1921 801 1984 καὶ
818 1925 1023 2005 αἰσχρολογίαν
1040 1922 1206 2002 ἐκάλυψαν.

192 2025 223 2085 οἵ
244 2021 276 2085 δὲ
298 2029 360 2096 τοῖς
382 2022 493 2084 πάθεσι
515 2022 571 2101 τῆν
588 2024 677 2083 θείαν
694 2022 896 2103 προσηγορίαν
914 2019 1062 2082 άνέθεσαν
1080 2020 1207 2101 καλιὴν

190 2120 244 2202 μὲν
267 2119 394 2201 ἡδονήν,
417 2119 458 2192 ὡς
479 2120 573 2200 ἔφην,
593 2115 772 2201 Ἀφροδίτην
795 2116 969 2199 ὠνόμασαν,
984 2117 1074 2200 ’Ἀρεα
1097 2116 1130 2180 δὲ
1153 2119 1207 2181 τὸν
1298 2119 1299 2168 3

150 2240 177 2282 εο
191 2219 307 2299 θυμόν,
334 2218 390 2297 τὴν
418 2216 450 2279 δὲ
477 2216 577 2298 μέθην
603 2217 770 2298 Διόνυσον,
792 2211 907 2298 Ἑρμῆν
937 2214 969 2277 δὲ
996 2215 1051 2295 τῆν
1078 2216 1207 2297 κλοπήν,

190 2317 246 2396 τὴν
269 2315 301 2378 δὲ
325 2316 473 2398 φρόνησιν
493 2309 629 2394 Ἀθηνᾶν
651 2314 701 2376 καί
719 2315 839 2376 τοιαῦτά
856 2337 923 2375 τινα
941 2313 1011 2393 μετά
1029 2312 1206 2394 άλαζονικῆς

191 2413 305 2496 όφρόος
340 2412 391 2474 καί
428 2422 481 2492 τῆς
510 2408 641 2492 Ἀττικῆς
678 2413 843 2491 στωμυλίας
878 2412 1098 2495 τερατευόμενοι
1134 2412 1206 2485 τοὺς

190 2511 318 2584 πολλοὺς
335 2521 394 2572 τῶν
407 2509 579 2591 ἀνθρώπων
597 2510 639 2584 είς
658 2509 758 2592 ἓτέραν
776 2510 876 2582 εἴδους
894 2508 1011 2588 ἀπάτην
1030 2509 1205 2591 μετήγαγον.

192 2608 241 2670 καί
264 2610 296 2671 οί
316 2613 495 2687 φιλοσοφεῖν
517 2606 749 2688 ὑπισχνούμενοι
770 2605 821 2668 καλ
843 2607 898 2686 τῆν
924 2606 983 2669 άπὸ
1011 2616 1064 2668 τοῦ
1091 2608 1206 2687 σχῆμα-

152 2728 178 2769 εο
193 2729 242 2781 τος
268 2705 357 2785 τιμὴν
384 2704 464 2786 παρὰ
490 2704 611 2766 πάντων
638 2705 813 2788 δρεπόμενοι
840 2704 890 2766 καί
917 2714 976 2766 τῶν
998 2710 1109 2766 παθῶν
1131 2728 1205 2786 κρα-

190 2810 251 2866 τεῖν
279 2802 521 2885 ἐπαγγελλόμενοι
547 2809 726 2884 προσκυνεῖν
752 2801 788 2863 τά
814 2803 900 2881 πάθη
928 2802 997 2876 τοὺς
1020 2801 1206 2884 ἀνθρώπους

190 2900 348 2963 άνέπεισαν
370 2898 420 2961 καὶ
448 2900 501 2962 τόν
522 2899 724 2982 αὐτοκράτορα
751 2909 826 2961 νοῦν
853 2909 911 2962 τῶν
933 2905 1043 2961 παθῶν
1065 2899 1116 2961 καί
1138 2897 1204 2979 ῆνί-

262 3088 350 3152 3-1).
365 3087 408 3149 91,
424 3085 457 3134 13
476 3080 641 3135 Theodoret.
662 3081 697 3136 de
715 3080 849 3149 provid.1
867 3079 963 3150 Migne
982 3079 1076 3133 5571).

263 3240 276 3287 1
297 3232 434 3289 ἐκεῖνωΡ
457 3229 555 3288 ἐκείνω
578 3231 605 3285 Η
628 3229 742 3286 ἐκείνων
763 3230 823 3286 BG.
848 3264 881 3272 -
906 3237 922 3285 6
945 3229 1110 3301 πολυσχιδὲς
1127 3229 1203 3285 ΑΟΙι

190 3305 374 3375 πολυσχιαδές
392 3302 424 3358 G.
444 3335 478 3344 —
502 3309 536 3357 27
560 3312 615 3358 τῶν
637 3306 743 3358 παθῶν
766 3300 882 3373 ἡνίοχον
901 3302 1038 3357 GTheod.
1062 3302 1112 3355 καλ
1130 3320 1152 3356 τ.
1173 3319 1201 3355 π.

189 3376 233 3444 ἡν.
248 3376 273 3428 Α
292 3377 340 3430 καί
358 3375 401 3444 ἡν.
419 3394 441 3428 τ.
457 3393 485 3430 π.
500 3374 530 3427 F.

262 3522 275 3569 1
296 3517 327 3570 δὲ
346 3533 395 3572 om.
410 3516 441 3570 P.
460 3547 494 3557 —
523 3520 538 3568 6
558 3516 601 3587 δέ]
624 3515 678 3586 γάρ
697 3515 778 3570 PTh.
803 3547 837 3555 —
861 3522 895 3568 14
917 3515 948 3570 τό
971 3515 1153 3584 πεποιητικδν
1171 3515 1194 3568 Ρ

190 3619 224 3628 -
243 3592 276 3639 21
300 3589 349 3641 καί
366 3604 417 3642 om.
431 3587 462 3640 P.
