<?xml version="1.0" encoding="UTF-8"?>
<!DOCTYPE html PUBLIC "-//W3C//DTD XHTML 1.0 Transitional//EN"
    "http://www.w3.org/TR/xhtml1/DTD/xhtml1-transitional.dtd">
<html xmlns="http://www.w3.org/1999/xhtml" xml:lang="en" lang="en">
 <head>
  <title>
</title>
<meta http-equiv="Content-Type" content="text/html;charset=utf-8" />
  <meta name='ocr-system' content='tesseract 3.04.00' />
  <meta name='ocr-capabilities' content='ocr_page ocr_carea ocr_par ocr_line ocrx_word'/>
</head>
<body>
  <div class='ocr_page' id='page_1' title='image "./georgiimonachic01boorgoog_0250.png"; bbox 0 0 2617 3909; ppageno 0'>
   <div class='ocr_carea' id='block_1_1' title="bbox 178 243 872 309">
    <p class='ocr_par' dir='ltr' id='par_1_1' title="bbox 178 243 872 309">
     <span class='ocr_line' id='line_1_1' title="bbox 178 243 872 309; baseline -0.003 -14"><span class='ocrx_word' id='word_1_1' title='bbox 178 243 241 309; x_wconf 77' lang='lat'><strong><em>162</em></strong></span> <span class='ocrx_word' id='word_1_2' title='bbox 486 243 872 296; x_wconf 66' lang='grc' dir='ltr'><strong><em>Γωοευιουωουικοο</em></strong></span> 
     </span>
    </p>
   </div>
   <div class='ocr_carea' id='block_1_2' title="bbox 79 385 1197 1842">
    <p class='ocr_par' dir='ltr' id='par_1_2' title="bbox 79 385 1197 1548">
     <span class='ocr_line' id='line_1_2' title="bbox 176 385 1194 476; baseline -0.002 -20"><span class='ocrx_word' id='word_1_3' title='bbox 176 393 226 456; x_wconf 78' lang='grc' dir='ltr'><strong><em>καὶ</em></strong></span> <span class='ocrx_word' id='word_1_4' title='bbox 249 394 324 476; x_wconf 84' lang='grc' dir='ltr'><strong><em>πρὸς</em></strong></span> <span class='ocrx_word' id='word_1_5' title='bbox 344 392 464 474; x_wconf 76' lang='grc' dir='ltr'><strong><em>ἔσχατον</em></strong></span> <span class='ocrx_word' id='word_1_6' title='bbox 486 393 626 472; x_wconf 80' lang='grc' dir='ltr'><strong><em>τιμωρίας</em></strong></span> <span class='ocrx_word' id='word_1_7' title='bbox 647 385 726 452; x_wconf 87' lang='grc' dir='ltr'><strong><em>είδευ</em></strong></span> <span class='ocrx_word' id='word_1_8' title='bbox 749 390 854 453; x_wconf 82' lang='grc' dir='ltr'><strong><em>ἑαυτὸν</em></strong></span> <span class='ocrx_word' id='word_1_9' title='bbox 876 389 1012 471; x_wconf 76' lang='grc' dir='ltr'><strong><em>ἐλθόντα,</em></strong></span> <span class='ocrx_word' id='word_1_10' title='bbox 1036 393 1091 454; x_wconf 84' lang='grc' dir='ltr'><strong><em>οὐκ</em></strong></span> <span class='ocrx_word' id='word_1_11' title='bbox 1115 391 1194 454; x_wconf 90' lang='grc' dir='ltr'><strong><em>ἀπε-</em></strong></span> 
     </span>
     <span class='ocr_line' id='line_1_3' title="bbox 175 482 1194 571; baseline -0.001 -18"><span class='ocrx_word' id='word_1_12' title='bbox 175 489 365 570; x_wconf 87' lang='grc' dir='ltr'><strong><em>δυσπέτησεν,</em></strong></span> <span class='ocrx_word' id='word_1_13' title='bbox 388 488 444 551; x_wconf 74' lang='grc' dir='ltr'><strong><em>οὐκ</em></strong></span> <span class='ocrx_word' id='word_1_14' title='bbox 471 488 676 571; x_wconf 74' lang='grc' dir='ltr'><strong><em>ἐδυσχέρανεν,</em></strong></span> <span class='ocrx_word' id='word_1_15' title='bbox 706 489 761 551; x_wconf 84' lang='grc' dir='ltr'><strong><em>ούκ</em></strong></span> <span class='ocrx_word' id='word_1_16' title='bbox 788 482 850 550; x_wconf 86' lang='grc' dir='ltr'><strong><em>εἰπέ</em></strong></span> <span class='ocrx_word' id='word_1_17' title='bbox 872 511 900 548; x_wconf 94' lang='grc' dir='ltr'><strong><em>τι</em></strong></span> <span class='ocrx_word' id='word_1_18' title='bbox 927 483 992 550; x_wconf 81' lang='grc' dir='ltr'><strong><em>οἷον</em></strong></span> <span class='ocrx_word' id='word_1_19' title='bbox 1014 490 1093 562; x_wconf 90' lang='grc' dir='ltr'><strong><em>εἰκὸς</em></strong></span> <span class='ocrx_word' id='word_1_20' title='bbox 1117 491 1194 563; x_wconf 80' lang='grc' dir='ltr'><strong><em>τούς</em></strong></span> 
     </span>
     <span class='ocr_line' id='line_1_4' title="bbox 174 584 1193 669; baseline -0.002 -20"><span class='ocrx_word' id='word_1_21' title='bbox 174 588 303 661; x_wconf 79' lang='grc' dir='ltr'><strong><em>πολλοὺς</em></strong></span> <span class='ocrx_word' id='word_1_22' title='bbox 324 585 429 669; x_wconf 86' lang='grc' dir='ltr'><strong><em>λε’γειν·</em></strong></span> <span class='ocrx_word' id='word_1_23' title='bbox 453 586 494 666; x_wconf 82' lang='grc' dir='ltr'><strong><em>μή</em></strong></span> <span class='ocrx_word' id='word_1_24' title='bbox 512 587 567 669; x_wconf 82' lang='grc' dir='ltr'><strong><em>γὰρ</em></strong></span> <span class='ocrx_word' id='word_1_25' title='bbox 585 585 642 669; x_wconf 86' lang='grc' dir='ltr'><strong><em>έγδο</em></strong></span> <span class='ocrx_word' id='word_1_26' title='bbox 660 595 712 666; x_wconf 85' lang='grc' dir='ltr'><strong><em>τής</em></strong></span> <span class='ocrx_word' id='word_1_27' title='bbox 730 584 835 667; x_wconf 73' lang='grc' dir='ltr'><strong><em>ἑτέρων</em></strong></span> <span class='ocrx_word' id='word_1_28' title='bbox 852 587 972 667; x_wconf 81' lang='grc' dir='ltr'><em>γνώμης</em></span> <span class='ocrx_word' id='word_1_29' title='bbox 989 587 1092 668; x_wconf 90' lang='grc' dir='ltr'><strong><em>κύριός</em></strong></span> <span class='ocrx_word' id='word_1_30' title='bbox 1116 586 1193 666; x_wconf 86' lang='grc' dir='ltr'><strong><em>εἰμι,</em></strong></span> 
     </span>
     <span class='ocr_line' id='line_1_5' title="bbox 175 681 1192 765; baseline -0.001 -18"><span class='ocrx_word' id='word_1_31' title='bbox 175 687 238 748; x_wconf 85' lang='grc' dir='ltr'><strong><em>καί·</em></strong></span> <span class='ocrx_word' id='word_1_32' title='bbox 269 695 329 746; x_wconf 81' lang='grc' dir='ltr'><strong><em>τῶν</em></strong></span> <span class='ocrx_word' id='word_1_33' title='bbox 355 684 475 746; x_wconf 74' lang='grc' dir='ltr'><strong><em>ἐκείνων</em></strong></span> <span class='ocrx_word' id='word_1_34' title='bbox 501 682 715 765; x_wconf 77' lang='grc' dir='ltr'><strong><em>ἁμαρτημάτων</em></strong></span> <span class='ocrx_word' id='word_1_35' title='bbox 743 681 853 762; x_wconf 80' lang='grc' dir='ltr'><strong><em>ὀφείλω</em></strong></span> <span class='ocrx_word' id='word_1_36' title='bbox 880 685 979 762; x_wconf 81' lang='grc' dir='ltr'><strong><em>δίκας;</em></strong></span> <span class='ocrx_word' id='word_1_37' title='bbox 1009 684 1093 746; x_wconf 80' lang='grc' dir='ltr'><strong><em>αὐτοὶ</em></strong></span> <span class='ocrx_word' id='word_1_38' title='bbox 1123 683 1192 764; x_wconf 85' lang='grc' dir='ltr'><strong><em>ήλι-</em></strong></span> 
     </span>
     <span class='ocr_line' id='line_1_6' title="bbox 149 778 1189 863; baseline -0.003 -17"><span class='ocrx_word' id='word_1_39' title='bbox 149 785 244 847; x_wconf 80' lang='grc' dir='ltr'><strong><em>σκίαν</em></strong></span> <span class='ocrx_word' id='word_1_40' title='bbox 267 783 364 863; x_wconf 77' lang='grc' dir='ltr'><strong><em>ἔχουσι</em></strong></span> <span class='ocrx_word' id='word_1_41' title='bbox 386 781 436 843; x_wconf 89' lang='grc' dir='ltr'><strong><em>καί</em></strong></span> <span class='ocrx_word' id='word_1_42' title='bbox 458 782 542 844; x_wconf 83' lang='grc' dir='ltr'><strong><em>αύτοί</em></strong></span> <span class='ocrx_word' id='word_1_43' title='bbox 565 781 681 843; x_wconf 90' lang='grc' dir='ltr'><strong><em>δίκαιόν</em></strong></span> <span class='ocrx_word' id='word_1_44' title='bbox 703 780 763 843; x_wconf 79' lang='grc' dir='ltr'><strong><em>ἐστι</em></strong></span> <span class='ocrx_word' id='word_1_45' title='bbox 787 783 960 856; x_wconf 77' lang='grc' dir='ltr'><strong><em>κολάζεσθαι</em></strong></span> <span class='ocrx_word' id='word_1_46' title='bbox 983 783 1077 863; x_wconf 87' lang='grc' dir='ltr'><strong><em>μόνοι.</em></strong></span> <span class='ocrx_word' id='word_1_47' title='bbox 1120 778 1189 843; x_wconf 90' lang='grc' dir='ltr'><strong><em>ἀλλ’</em></strong></span> 
     </span>
     <span class='ocr_line' id='line_1_7' title="bbox 177 873 1193 961; baseline -0.002 -18"><span class='ocrx_word' id='word_1_48' title='bbox 177 879 265 943; x_wconf 78' lang='grc' dir='ltr'><strong><em>οὐδέν</em></strong></span> <span class='ocrx_word' id='word_1_49' title='bbox 291 888 426 942; x_wconf 80' lang='grc' dir='ltr'><strong><em>τοιοῦτον</em></strong></span> <span class='ocrx_word' id='word_1_50' title='bbox 451 873 532 941; x_wconf 79' lang='grc' dir='ltr'><strong><em>εἶπεν</em></strong></span> <span class='ocrx_word' id='word_1_51' title='bbox 558 877 629 941; x_wconf 83' lang='grc' dir='ltr'><strong><em>ούδέ</em></strong></span> <span class='ocrx_word' id='word_1_52' title='bbox 656 879 825 960; x_wconf 75' lang='grc' dir='ltr'><strong><em>ἐνενόησεν,</em></strong></span> <span class='ocrx_word' id='word_1_53' title='bbox 853 874 915 941; x_wconf 84' lang='grc' dir='ltr'><strong><em>ἀλλ’</em></strong></span> <span class='ocrx_word' id='word_1_54' title='bbox 945 879 1042 961; x_wconf 77' lang='grc' dir='ltr'><strong><em>ὥσπερ</em></strong></span> <span class='ocrx_word' id='word_1_55' title='bbox 1070 879 1193 959; x_wconf 89' lang='grc' dir='ltr'><strong><em>οἰκέτης</em></strong></span> 
     </span>
     <span class='ocr_line' id='line_1_8' title="bbox 176 975 1192 1060; baseline -0.003 -20"><span class='ocrx_word' id='word_1_56' title='bbox 176 979 336 1060; x_wconf 77' lang='grc' dir='ltr'><strong><em>εὐγνώμων</em></strong></span> <span class='ocrx_word' id='word_1_57' title='bbox 363 975 510 1060; x_wconf 85' lang='grc' dir='ltr'><strong><em>ἀπεκρίθη</em></strong></span> <span class='ocrx_word' id='word_1_58' title='bbox 537 976 641 1059; x_wconf 87' lang='grc' dir='ltr'><strong><em>λέγων·</em></strong></span> <span class='ocrx_word' id='word_1_59' title='bbox 671 978 774 1058; x_wconf 88' lang='grc' dir='ltr'><strong><em>κύριος</em></strong></span> <span class='ocrx_word' id='word_1_60' title='bbox 800 976 831 1038; x_wconf 86' lang='grc' dir='ltr'><strong><em>τὸ</em></strong></span> <span class='ocrx_word' id='word_1_61' title='bbox 859 977 981 1058; x_wconf 87' lang='grc' dir='ltr'><strong><em>ἀρεστὸν</em></strong></span> <span class='ocrx_word' id='word_1_62' title='bbox 1007 977 1040 1040; x_wconf 83' lang='grc' dir='ltr'><strong><em>έν</em></strong></span> <span class='ocrx_word' id='word_1_63' title='bbox 1067 975 1192 1056; x_wconf 82' lang='grc' dir='ltr'><strong><em>ὀφθαλ-</em></strong></span> 
     </span>
     <span class='ocr_line' id='line_1_9' title="bbox 177 1073 1191 1159; baseline -0.002 -21"><span class='ocrx_word' id='word_1_64' title='bbox 177 1082 243 1156; x_wconf 84' lang='grc' dir='ltr'><strong><em>μοῖς</em></strong></span> <span class='ocrx_word' id='word_1_65' title='bbox 265 1076 357 1138; x_wconf 86' lang='grc' dir='ltr'><strong><em>αύτοῦ</em></strong></span> <span class='ocrx_word' id='word_1_66' title='bbox 379 1077 504 1137; x_wconf 91' lang='grc' dir='ltr'><strong><em>ποιείτω.</em></strong></span> <span class='ocrx_word' id='word_1_67' title='bbox 546 1074 574 1136; x_wconf 88' lang='grc' dir='ltr'><strong><em>εἰ</em></strong></span> <span class='ocrx_word' id='word_1_68' title='bbox 589 1076 692 1137; x_wconf 83' lang='grc' dir='ltr'><strong><em>τοίνυν</em></strong></span> <span class='ocrx_word' id='word_1_69' title='bbox 714 1075 765 1136; x_wconf 86' lang='grc' dir='ltr'><strong><em>τὸν</em></strong></span> <span class='ocrx_word' id='word_1_70' title='bbox 783 1073 915 1159; x_wconf 79' lang='grc' dir='ltr'><strong><em>ἀρχιερέα</em></strong></span> <span class='ocrx_word' id='word_1_71' title='bbox 937 1075 989 1137; x_wconf 89' lang='grc' dir='ltr'><strong><em>τὸν</em></strong></span> <span class='ocrx_word' id='word_1_72' title='bbox 1006 1075 1191 1156; x_wconf 79' lang='grc' dir='ltr'><strong><em>πρεσβύτην,</em></strong></span> 
     </span>
     <span class='ocr_line' id='line_1_10' title="bbox 175 1170 1197 1258; baseline -0.002 -22"><span class='ocrx_word' id='word_1_73' title='bbox 175 1175 228 1236; x_wconf 85' lang='grc' dir='ltr'><strong><em>τὸν</em></strong></span> <span class='ocrx_word' id='word_1_74' title='bbox 250 1174 385 1255; x_wconf 74' lang='grc' dir='ltr'><strong><em>ἔνδοξον,</em></strong></span> <span class='ocrx_word' id='word_1_75' title='bbox 411 1172 463 1234; x_wconf 87' lang='grc' dir='ltr'><strong><em>τὸν</em></strong></span> <span class='ocrx_word' id='word_1_76' title='bbox 488 1172 538 1251; x_wconf 79' lang='grc' dir='ltr'><strong><em>ἔτη</em></strong></span> <span class='ocrx_word' id='word_1_77' title='bbox 560 1170 592 1233; x_wconf 88' lang='grc' dir='ltr'><strong><em>κ’</em></strong></span> <span class='ocrx_word' id='word_1_78' title='bbox 613 1173 779 1255; x_wconf 79' lang='grc' dir='ltr'><strong><em>προστάντα</em></strong></span> <span class='ocrx_word' id='word_1_79' title='bbox 805 1171 855 1234; x_wconf 81' lang='grc' dir='ltr'><strong><em>καί</em></strong></span> <span class='ocrx_word' id='word_1_80' title='bbox 882 1171 1037 1254; x_wconf 81' lang='grc' dir='ltr'><strong><em>ἀμέμπτως</em></strong></span> <span class='ocrx_word' id='word_1_81' title='bbox 1063 1181 1103 1258; x_wconf 78' lang='grc' dir='ltr'><strong><em>τῷ</em></strong></span> <span class='ocrx_word' id='word_1_82' title='bbox 1128 1179 1197 1258; x_wconf 77' lang='grc' dir='ltr'><strong><em>θεῷ</em></strong></span> 
     </span>
     <span class='ocr_line' id='line_1_11' title="bbox 136 1267 1191 1353; baseline -0.002 -18"><span class='ocrx_word' id='word_1_83' title='bbox 136 1295 163 1336; x_wconf 80' lang='grc' dir='ltr'><strong><em>ιο</em></strong></span> <span class='ocrx_word' id='word_1_84' title='bbox 176 1273 388 1351; x_wconf 89' lang='grc' dir='ltr'><strong><em>δουλεύσαντα,</em></strong></span> <span class='ocrx_word' id='word_1_85' title='bbox 415 1267 504 1333; x_wconf 83' lang='grc' dir='ltr'><strong><em>ούδέν</em></strong></span> <span class='ocrx_word' id='word_1_86' title='bbox 527 1271 625 1351; x_wconf 82' lang='grc' dir='ltr'><strong><em>ἴσχυσε</em></strong></span> <span class='ocrx_word' id='word_1_87' title='bbox 647 1281 752 1333; x_wconf 80' lang='grc' dir='ltr'><strong><em>τούτου</em></strong></span> <span class='ocrx_word' id='word_1_88' title='bbox 773 1269 923 1344; x_wconf 75' lang='grc' dir='ltr'><strong><em>ἐξελέσθαι</em></strong></span> <span class='ocrx_word' id='word_1_89' title='bbox 945 1281 997 1351; x_wconf 86' lang='grc' dir='ltr'><strong><em>τής</em></strong></span> <span class='ocrx_word' id='word_1_90' title='bbox 1020 1269 1110 1353; x_wconf 84' lang='grc' dir='ltr'><strong><em>ἰργής</em></strong></span> <span class='ocrx_word' id='word_1_91' title='bbox 1134 1282 1191 1333; x_wconf 83' lang='grc' dir='ltr'><strong><em>τοῦ</em></strong></span> 
     </span>
     <span class='ocr_line' id='line_1_12' title="bbox 79 1366 1190 1451; baseline -0.003 -19"><span class='ocrx_word' id='word_1_92' title='bbox 79 1384 163 1426; x_wconf 71' lang='lat'>1151.</span> <span class='ocrx_word' id='word_1_93' title='bbox 176 1377 252 1432; x_wconf 80' lang='grc' dir='ltr'><strong><em>θεοῦ</em></strong></span> <span class='ocrx_word' id='word_1_94' title='bbox 282 1369 332 1431; x_wconf 82' lang='grc' dir='ltr'><strong><em>καί</em></strong></span> <span class='ocrx_word' id='word_1_95' title='bbox 363 1367 499 1449; x_wconf 82' lang='grc' dir='ltr'><strong><em>ἀπειλῆς,</em></strong></span> <span class='ocrx_word' id='word_1_96' title='bbox 530 1366 603 1429; x_wconf 86' lang='grc' dir='ltr'><strong><em>ἀλλά</em></strong></span> <span class='ocrx_word' id='word_1_97' title='bbox 634 1368 685 1429; x_wconf 80' lang='grc' dir='ltr'><strong><em>διὰ</em></strong></span> <span class='ocrx_word' id='word_1_98' title='bbox 715 1368 766 1442; x_wconf 86' lang='grc' dir='ltr'><strong><em>τάς</em></strong></span> <span class='ocrx_word' id='word_1_99' title='bbox 798 1367 903 1451; x_wconf 77' lang='grc' dir='ltr'><strong><em>ἑτέρων</em></strong></span> <span class='ocrx_word' id='word_1_100' title='bbox 934 1367 1076 1450; x_wconf 77' lang='grc' dir='ltr'><strong><em>ἁμαρτίας</em></strong></span> <span class='ocrx_word' id='word_1_101' title='bbox 1103 1368 1190 1430; x_wconf 90' lang='grc' dir='ltr'><strong><em>ἀπώ-</em></strong></span> 
     </span>
     <span class='ocr_line' id='line_1_13' title="bbox 176 1465 1191 1548; baseline -0.001 -19"><span class='ocrx_word' id='word_1_102' title='bbox 176 1474 240 1530; x_wconf 91' lang='grc' dir='ltr'><strong><em>λετο</em></strong></span> <span class='ocrx_word' id='word_1_103' title='bbox 270 1466 321 1528; x_wconf 85' lang='grc' dir='ltr'><strong><em>καλ</em></strong></span> <span class='ocrx_word' id='word_1_104' title='bbox 351 1466 387 1528; x_wconf 88' lang='grc' dir='ltr'><strong><em>τά</em></strong></span> <span class='ocrx_word' id='word_1_105' title='bbox 413 1465 446 1528; x_wconf 87' lang='grc' dir='ltr'><strong><em>έν</em></strong></span> <span class='ocrx_word' id='word_1_106' title='bbox 473 1466 623 1539; x_wconf 76' lang='grc' dir='ltr'><strong><em>τοσούτοις</em></strong></span> <span class='ocrx_word' id='word_1_107' title='bbox 654 1465 747 1528; x_wconf 80' lang='grc' dir='ltr'><strong><em>έτεσιν</em></strong></span> <span class='ocrx_word' id='word_1_108' title='bbox 774 1467 865 1528; x_wconf 81' lang='grc' dir='ltr'><strong><em>αὐτοῦ</em></strong></span> <span class='ocrx_word' id='word_1_109' title='bbox 892 1466 1106 1548; x_wconf 84' lang='grc' dir='ltr'><strong><em>κατορθώματα</em></strong></span> <span class='ocrx_word' id='word_1_110' title='bbox 1135 1466 1191 1528; x_wconf 87' lang='grc' dir='ltr'><strong><em>τὸν</em></strong></span> 
     </span>
    </p>

    <p class='ocr_par' dir='ltr' id='par_1_3' title="bbox 136 1561 1194 1842">
     <span class='ocr_line' id='line_1_14' title="bbox 136 1561 1194 1645; baseline 0.003 -23"><span class='ocrx_word' id='word_1_111' title='bbox 136 1618 139 1622; x_wconf 91' lang='grc'>.</span> <span class='ocrx_word' id='word_1_112' title='bbox 177 1566 251 1627; x_wconf 84' lang='grc' dir='ltr'><strong><em>θεὸν</em></strong></span> <span class='ocrx_word' id='word_1_113' title='bbox 278 1564 333 1626; x_wconf 85' lang='grc' dir='ltr'><strong><em>οόκ</em></strong></span> <span class='ocrx_word' id='word_1_114' title='bbox 359 1564 569 1643; x_wconf 83' lang='grc' dir='ltr'><strong><em>έδυσώπησαν,</em></strong></span> <span class='ocrx_word' id='word_1_115' title='bbox 595 1565 687 1625; x_wconf 91' lang='grc' dir='ltr'><strong><em>ποίαν</em></strong></span> <span class='ocrx_word' id='word_1_116' title='bbox 716 1561 800 1643; x_wconf 89' lang='grc' dir='ltr'><strong><em>ήμεῖς</em></strong></span> <span class='ocrx_word' id='word_1_117' title='bbox 825 1563 929 1643; x_wconf 77' lang='grc' dir='ltr'><strong><em>ἕξομεν</em></strong></span> <span class='ocrx_word' id='word_1_118' title='bbox 955 1564 1136 1645; x_wconf 90' lang='grc' dir='ltr'><strong><em>συγγνώμην</em></strong></span> <span class='ocrx_word' id='word_1_119' title='bbox 1158 1567 1194 1626; x_wconf 86' lang='grc' dir='ltr'><strong><em>οἱ</em></strong></span> 
     </span>
     <span class='ocr_line' id='line_1_15' title="bbox 177 1659 1191 1744; baseline -0.001 -21"><span class='ocrx_word' id='word_1_120' title='bbox 177 1672 230 1742; x_wconf 83' lang='grc' dir='ltr'><strong><em>τῆς</em></strong></span> <span class='ocrx_word' id='word_1_121' title='bbox 252 1661 357 1742; x_wconf 75' lang='grc' dir='ltr'><strong><em>ἀρετῆς</em></strong></span> <span class='ocrx_word' id='word_1_122' title='bbox 378 1661 492 1722; x_wconf 76' lang='grc' dir='ltr'><strong><em>ἐκείνου</em></strong></span> <span class='ocrx_word' id='word_1_123' title='bbox 519 1669 660 1722; x_wconf 82' lang='grc' dir='ltr'><strong><em>τοσοῦτον</em></strong></span> <span class='ocrx_word' id='word_1_124' title='bbox 689 1660 863 1735; x_wconf 80' lang='grc' dir='ltr'><strong><em>ἀποδέοντες</em></strong></span> <span class='ocrx_word' id='word_1_125' title='bbox 889 1660 940 1724; x_wconf 84' lang='grc' dir='ltr'><strong><em>καῖ</em></strong></span> <span class='ocrx_word' id='word_1_126' title='bbox 954 1660 1069 1742; x_wconf 74' lang='grc' dir='ltr'><strong><em>,ἑτέροις</em></strong></span> <span class='ocrx_word' id='word_1_127' title='bbox 1092 1659 1191 1744; x_wconf 83' lang='grc' dir='ltr'><strong><em>ἆμαρ-</em></strong></span> 
     </span>
     <span class='ocr_line' id='line_1_16' title="bbox 138 1758 1191 1842; baseline -0.003 -19"><span class='ocrx_word' id='word_1_128' title='bbox 138 1783 164 1823; x_wconf 78' lang='grc' dir='ltr'><strong><em>ιο</em></strong></span> <span class='ocrx_word' id='word_1_129' title='bbox 177 1760 318 1820; x_wconf 91' lang='grc' dir='ltr'><strong><em>τάνουσιυ</em></strong></span> <span class='ocrx_word' id='word_1_130' title='bbox 348 1758 579 1838; x_wconf 83' lang='grc' dir='ltr'><strong><em>έφησυχάζοντες</em></strong></span> <span class='ocrx_word' id='word_1_131' title='bbox 605 1758 655 1820; x_wconf 79' lang='grc' dir='ltr'><strong><em>καὶ</em></strong></span> <span class='ocrx_word' id='word_1_132' title='bbox 682 1769 936 1842; x_wconf 81' lang='grc' dir='ltr'><strong><em>παραχωροῦντες,</em></strong></span> <span class='ocrx_word' id='word_1_133' title='bbox 963 1760 1066 1841; x_wconf 88' lang='grc' dir='ltr'><strong><em>καίπερ</em></strong></span> <span class='ocrx_word' id='word_1_134' title='bbox 1094 1760 1191 1821; x_wconf 89' lang='grc' dir='ltr'><strong><em>δυνά-</em></strong></span> 
     </span>
    </p>
   </div>
   <div class='ocr_carea' id='block_1_3' title="bbox 178 1855 1303 1937">
    <p class='ocr_par' dir='ltr' id='par_1_4' title="bbox 178 1855 1303 1937">
     <span class='ocr_line' id='line_1_17' title="bbox 178 1855 1303 1937; baseline 0.002 -20"><span class='ocrx_word' id='word_1_135' title='bbox 178 1879 262 1937; x_wconf 83' lang='grc' dir='ltr'><strong><em>μενοι</em></strong></span> <span class='ocrx_word' id='word_1_136' title='bbox 292 1857 416 1918; x_wconf 78' lang='grc' dir='ltr'><strong><em>κωλύειν</em></strong></span> <span class='ocrx_word' id='word_1_137' title='bbox 447 1855 557 1928; x_wconf 82' lang='grc' dir='ltr'><strong><em>αύτούς</em></strong></span> <span class='ocrx_word' id='word_1_138' title='bbox 587 1855 637 1917; x_wconf 86' lang='grc' dir='ltr'><strong><em>καλ</em></strong></span> <span class='ocrx_word' id='word_1_139' title='bbox 666 1855 849 1920; x_wconf 81' lang='grc' dir='ltr'><strong><em>ἀναστέλλειν</em></strong></span> <span class='ocrx_word' id='word_1_140' title='bbox 876 1857 1049 1934; x_wconf 77' lang='grc' dir='ltr'><strong><em>τούναντίον</em></strong></span> <span class='ocrx_word' id='word_1_141' title='bbox 1075 1861 1190 1936; x_wconf 79' lang='grc' dir='ltr'><strong><em>μᾶλλον</em></strong></span> <span class='ocrx_word' id='word_1_142' title='bbox 1302 1901 1303 1937; x_wconf 54' lang='grc' dir='ltr'><strong><em>χ</em></strong></span> 
     </span>
    </p>
   </div>
   <div class='ocr_carea' id='block_1_4' title="bbox 178 1952 1190 2036">
    <p class='ocr_par' dir='ltr' id='par_1_5' title="bbox 178 1952 1190 2036">
     <span class='ocr_line' id='line_1_18' title="bbox 178 1952 1190 2036; baseline 0 -20"><span class='ocrx_word' id='word_1_143' title='bbox 178 1953 373 2036; x_wconf 76' lang='grc' dir='ltr'><strong><em>μετερχόμεθα</em></strong></span> <span class='ocrx_word' id='word_1_144' title='bbox 399 1952 595 2036; x_wconf 80' lang='grc' dir='ltr'><strong><em>ἀνεγκλήτους</em></strong></span> <span class='ocrx_word' id='word_1_145' title='bbox 621 1954 731 2028; x_wconf 82' lang='grc' dir='ltr'><strong><em>αύτούς</em></strong></span> <span class='ocrx_word' id='word_1_146' title='bbox 762 1955 865 2029; x_wconf 77' lang='grc' dir='ltr'><strong><em>ἐῶντες</em></strong></span> <span class='ocrx_word' id='word_1_147' title='bbox 896 1955 946 2017; x_wconf 83' lang='grc' dir='ltr'><strong><em>καί</em></strong></span> <span class='ocrx_word' id='word_1_148' title='bbox 972 1953 1190 2036; x_wconf 83' lang='grc' dir='ltr'><strong><em>ἀτιμωρήτους;</em></strong></span> 
     </span>
    </p>
   </div>
   <div class='ocr_carea' id='block_1_5' title="bbox 177 2047 1302 2159">
    <p class='ocr_par' dir='ltr' id='par_1_6' title="bbox 177 2047 1302 2159">
     <span class='ocr_line' id='line_1_19' title="bbox 177 2047 1302 2159; baseline 0.001 -46"><span class='ocrx_word' id='word_1_149' title='bbox 177 2052 228 2113; x_wconf 82' lang='grc' dir='ltr'><strong><em>καῖ</em></strong></span> <span class='ocrx_word' id='word_1_150' title='bbox 250 2051 353 2132; x_wconf 79' lang='grc' dir='ltr'><strong><em>μηδείς</em></strong></span> <span class='ocrx_word' id='word_1_151' title='bbox 375 2052 477 2135; x_wconf 83' lang='grc' dir='ltr'><strong><em>λεγέτω</em></strong></span> <span class='ocrx_word' id='word_1_152' title='bbox 501 2051 544 2113; x_wconf 80' lang='grc' dir='ltr'><strong><em>ὅτι</em></strong></span> <span class='ocrx_word' id='word_1_153' title='bbox 566 2052 669 2114; x_wconf 80' lang='grc' dir='ltr'><strong><em>πολλοὶ</em></strong></span> <span class='ocrx_word' id='word_1_154' title='bbox 692 2053 830 2133; x_wconf 79' lang='grc' dir='ltr'><strong><em>μειζόνως</em></strong></span> <span class='ocrx_word' id='word_1_155' title='bbox 852 2063 905 2115; x_wconf 83' lang='grc' dir='ltr'><strong><em>τοῦ</em></strong></span> <span class='ocrx_word' id='word_1_156' title='bbox 925 2047 1004 2114; x_wconf 81' lang='grc' dir='ltr'><strong><em>Ἠλεὶ</em></strong></span> <span class='ocrx_word' id='word_1_157' title='bbox 1023 2062 1082 2114; x_wconf 83' lang='grc' dir='ltr'><strong><em>τῶν</em></strong></span> <span class='ocrx_word' id='word_1_158' title='bbox 1101 2053 1190 2114; x_wconf 81' lang='grc' dir='ltr'><strong><em>ἰδίων</em></strong></span> <span class='ocrx_word' id='word_1_159' title='bbox 1301 2105 1302 2159; x_wconf 51' lang='grc' dir='ltr'><strong><em>χ</em></strong></span> 
     </span>
    </p>
   </div>
   <div class='ocr_carea' id='block_1_6' title="bbox 138 2143 1190 2331">
    <p class='ocr_par' dir='ltr' id='par_1_7' title="bbox 138 2143 1190 2331">
     <span class='ocr_line' id='line_1_20' title="bbox 178 2143 1190 2229; baseline 0.002 -19"><span class='ocrx_word' id='word_1_160' title='bbox 178 2149 373 2229; x_wconf 79' lang='grc' dir='ltr'><strong><em>ἀμελήσαντες</em></strong></span> <span class='ocrx_word' id='word_1_161' title='bbox 390 2151 507 2212; x_wconf 79' lang='grc' dir='ltr'><strong><em>παίδων</em></strong></span> <span class='ocrx_word' id='word_1_162' title='bbox 521 2148 609 2212; x_wconf 78' lang='grc' dir='ltr'><strong><em>οὐδέν</em></strong></span> <span class='ocrx_word' id='word_1_163' title='bbox 627 2151 744 2213; x_wconf 79' lang='grc' dir='ltr'><strong><em>ἔπαθον</em></strong></span> <span class='ocrx_word' id='word_1_164' title='bbox 763 2145 827 2213; x_wconf 79' lang='grc' dir='ltr'><strong><em>οἷον</em></strong></span> <span class='ocrx_word' id='word_1_165' title='bbox 845 2151 964 2224; x_wconf 77' lang='grc' dir='ltr'><strong><em>ἐκεῖνος.</em></strong></span> <span class='ocrx_word' id='word_1_166' title='bbox 996 2151 1113 2212; x_wconf 76' lang='grc' dir='ltr'><strong><em>ἔπαθον</em></strong></span> <span class='ocrx_word' id='word_1_167' title='bbox 1132 2143 1190 2212; x_wconf 83' lang='grc' dir='ltr'><strong><em>ούν</em></strong></span> 
     </span>
     <span class='ocr_line' id='line_1_21' title="bbox 138 2245 1189 2331; baseline -0.003 -20"><span class='ocrx_word' id='word_1_168' title='bbox 138 2272 165 2311; x_wconf 83' lang='grc' dir='ltr'><strong><em>ιο</em></strong></span> <span class='ocrx_word' id='word_1_169' title='bbox 178 2247 280 2311; x_wconf 84' lang='grc' dir='ltr'><strong><em>πολλοί</em></strong></span> <span class='ocrx_word' id='word_1_170' title='bbox 292 2248 432 2322; x_wconf 83' lang='grc' dir='ltr'><strong><em>πολλάκις</em></strong></span> <span class='ocrx_word' id='word_1_171' title='bbox 445 2247 495 2309; x_wconf 89' lang='grc' dir='ltr'><strong><em>καί</em></strong></span> <span class='ocrx_word' id='word_1_172' title='bbox 513 2249 694 2331; x_wconf 89' lang='grc' dir='ltr'><strong><em>χαλεπώτερα</em></strong></span> <span class='ocrx_word' id='word_1_173' title='bbox 709 2250 831 2330; x_wconf 88' lang='grc' dir='ltr'><strong><em>τούτων,</em></strong></span> <span class='ocrx_word' id='word_1_174' title='bbox 848 2247 905 2310; x_wconf 85' lang='grc' dir='ltr'><strong><em>κάν</em></strong></span> <span class='ocrx_word' id='word_1_175' title='bbox 921 2245 1006 2328; x_wconf 78' lang='grc' dir='ltr'><strong><em>ἡμεῖς</em></strong></span> <span class='ocrx_word' id='word_1_176' title='bbox 1018 2246 1189 2329; x_wconf 81' lang='grc' dir='ltr'><strong><em>ἀγνοοῦμεν</em></strong></span> 
     </span>
    </p>
   </div>
   <div class='ocr_carea' id='block_1_7' title="bbox 178 2343 1301 2426">
    <p class='ocr_par' dir='ltr' id='par_1_8' title="bbox 178 2343 1301 2426">
     <span class='ocr_line' id='line_1_22' title="bbox 178 2343 1301 2426; baseline -0.003 -18"><span class='ocrx_word' id='word_1_177' title='bbox 178 2345 211 2408; x_wconf 86' lang='grc' dir='ltr'><strong><em>έκ</em></strong></span> <span class='ocrx_word' id='word_1_178' title='bbox 232 2351 342 2425; x_wconf 84' lang='grc' dir='ltr'><strong><em>πολλής</em></strong></span> <span class='ocrx_word' id='word_1_179' title='bbox 364 2344 563 2425; x_wconf 86' lang='grc' dir='ltr'><strong><em>ἀναισθησίας</em></strong></span> <span class='ocrx_word' id='word_1_180' title='bbox 585 2345 637 2419; x_wconf 85' lang='grc' dir='ltr'><strong><em>τάς</em></strong></span> <span class='ocrx_word' id='word_1_181' title='bbox 659 2347 754 2421; x_wconf 87' lang='grc' dir='ltr'><strong><em>αἰτίας</em></strong></span> <span class='ocrx_word' id='word_1_182' title='bbox 773 2356 832 2408; x_wconf 84' lang='grc' dir='ltr'><strong><em>τῶν</em></strong></span> <span class='ocrx_word' id='word_1_183' title='bbox 855 2369 884 2407; x_wconf 89' lang='grc' dir='ltr'><strong><em>τε</em></strong></span> <span class='ocrx_word' id='word_1_184' title='bbox 901 2343 1049 2426; x_wconf 73' lang='grc' dir='ltr'><strong><em>ἡμετέρων</em></strong></span> <span class='ocrx_word' id='word_1_185' title='bbox 1068 2362 1189 2423; x_wconf 87' lang='grc' dir='ltr'><strong><em>σομφο-</em></strong></span> <span class='ocrx_word' id='word_1_186' title='bbox 1300 2360 1301 2381; x_wconf 66' lang='lat'>¹</span> 
     </span>
    </p>
   </div>
   <div class='ocr_carea' id='block_1_8' title="bbox 138 2440 1189 2820">
    <p class='ocr_par' dir='ltr' id='par_1_9' title="bbox 138 2440 1189 2820">
     <span class='ocr_line' id='line_1_23' title="bbox 177 2440 1188 2527; baseline -0.001 -23"><span class='ocrx_word' id='word_1_187' title='bbox 177 2454 238 2527; x_wconf 83' lang='grc' dir='ltr'><strong><em>ρῶν</em></strong></span> <span class='ocrx_word' id='word_1_188' title='bbox 260 2443 311 2505; x_wconf 87' lang='grc' dir='ltr'><strong><em>καί</em></strong></span> <span class='ocrx_word' id='word_1_189' title='bbox 333 2444 508 2524; x_wconf 78' lang='grc' dir='ltr'><strong><em>συμβάσεων</em></strong></span> <span class='ocrx_word' id='word_1_190' title='bbox 530 2443 580 2505; x_wconf 83' lang='grc' dir='ltr'><strong><em>καῖ</em></strong></span> <span class='ocrx_word' id='word_1_191' title='bbox 602 2443 653 2516; x_wconf 88' lang='grc' dir='ltr'><strong><em>τάς</em></strong></span> <span class='ocrx_word' id='word_1_192' title='bbox 676 2454 735 2506; x_wconf 83' lang='grc' dir='ltr'><strong><em>τῶν</em></strong></span> <span class='ocrx_word' id='word_1_193' title='bbox 757 2443 854 2516; x_wconf 87' lang='grc' dir='ltr'><strong><em>πέλας.</em></strong></span> <span class='ocrx_word' id='word_1_194' title='bbox 900 2443 997 2505; x_wconf 85' lang='grc' dir='ltr'><strong><em>πόθεν</em></strong></span> <span class='ocrx_word' id='word_1_195' title='bbox 1019 2443 1075 2525; x_wconf 87' lang='grc' dir='ltr'><strong><em>γάρ</em></strong></span> <span class='ocrx_word' id='word_1_196' title='bbox 1093 2440 1188 2524; x_wconf 82' lang='grc' dir='ltr'><strong><em>ἀωροι</em></strong></span> 
     </span>
     <span class='ocr_line' id='line_1_24' title="bbox 178 2536 1188 2622; baseline -0.002 -20"><span class='ocrx_word' id='word_1_197' title='bbox 178 2542 319 2615; x_wconf 85' lang='grc' dir='ltr'><strong><em>θάνατοι;</em></strong></span> <span class='ocrx_word' id='word_1_198' title='bbox 341 2539 438 2602; x_wconf 87' lang='grc' dir='ltr'><strong><em>πόθεν</em></strong></span> <span class='ocrx_word' id='word_1_199' title='bbox 460 2542 495 2602; x_wconf 89' lang='grc' dir='ltr'><strong><em>αί</em></strong></span> <span class='ocrx_word' id='word_1_200' title='bbox 513 2541 633 2622; x_wconf 82' lang='grc' dir='ltr'><strong><em>χαλεπαί</em></strong></span> <span class='ocrx_word' id='word_1_201' title='bbox 654 2541 705 2602; x_wconf 85' lang='grc' dir='ltr'><strong><em>καλ</em></strong></span> <span class='ocrx_word' id='word_1_202' title='bbox 728 2547 857 2622; x_wconf 90' lang='grc' dir='ltr'><strong><em>συνεχεῖς</em></strong></span> <span class='ocrx_word' id='word_1_203' title='bbox 877 2542 960 2604; x_wconf 90' lang='grc' dir='ltr'><strong><em>νόσοι</em></strong></span> <span class='ocrx_word' id='word_1_204' title='bbox 977 2539 1028 2601; x_wconf 86' lang='grc' dir='ltr'><strong><em>καλ</em></strong></span> <span class='ocrx_word' id='word_1_205' title='bbox 1045 2536 1118 2620; x_wconf 78' lang='grc' dir='ltr'><strong><em>ἡμῖν</em></strong></span> <span class='ocrx_word' id='word_1_206' title='bbox 1136 2538 1188 2600; x_wconf 82' lang='grc' dir='ltr'><strong><em>καί</em></strong></span> 
     </span>
     <span class='ocr_line' id='line_1_25' title="bbox 178 2635 1187 2722; baseline 0 -24"><span class='ocrx_word' id='word_1_207' title='bbox 178 2644 240 2711; x_wconf 89' lang='grc' dir='ltr'><strong><em>τοῖς</em></strong></span> <span class='ocrx_word' id='word_1_208' title='bbox 262 2635 365 2699; x_wconf 81' lang='grc' dir='ltr'><strong><em>παισὶν</em></strong></span> <span class='ocrx_word' id='word_1_209' title='bbox 386 2637 502 2715; x_wconf 82' lang='grc' dir='ltr'><strong><em>αότοῖς;</em></strong></span> <span class='ocrx_word' id='word_1_210' title='bbox 526 2639 622 2702; x_wconf 90' lang='grc' dir='ltr'><strong><em>πόθεν</em></strong></span> <span class='ocrx_word' id='word_1_211' title='bbox 645 2639 746 2719; x_wconf 75' lang='grc' dir='ltr'><strong><em>ζημίαι</em></strong></span> <span class='ocrx_word' id='word_1_212' title='bbox 768 2639 818 2699; x_wconf 87' lang='grc' dir='ltr'><strong><em>καί</em></strong></span> <span class='ocrx_word' id='word_1_213' title='bbox 839 2638 1019 2722; x_wconf 87' lang='grc' dir='ltr'><strong><em>περιστάσεις</em></strong></span> <span class='ocrx_word' id='word_1_214' title='bbox 1041 2636 1091 2698; x_wconf 83' lang='grc' dir='ltr'><strong><em>καί</em></strong></span> <span class='ocrx_word' id='word_1_215' title='bbox 1112 2636 1187 2716; x_wconf 80' lang='grc' dir='ltr'><strong><em>ἐπή-</em></strong></span> 
     </span>
     <span class='ocr_line' id='line_1_26' title="bbox 138 2733 1189 2820; baseline -0.005 -20"><span class='ocrx_word' id='word_1_216' title='bbox 138 2757 165 2800; x_wconf 78' lang='grc' dir='ltr'><strong><em>εσ</em></strong></span> <span class='ocrx_word' id='word_1_217' title='bbox 179 2758 268 2817; x_wconf 83' lang='grc' dir='ltr'><strong><em>ρειαι;</em></strong></span> <span class='ocrx_word' id='word_1_218' title='bbox 286 2735 384 2796; x_wconf 89' lang='grc' dir='ltr'><strong><em>πόθεν</em></strong></span> <span class='ocrx_word' id='word_1_219' title='bbox 401 2735 437 2795; x_wconf 85' lang='grc' dir='ltr'><strong><em>τὰ</em></strong></span> <span class='ocrx_word' id='word_1_220' title='bbox 456 2737 546 2820; x_wconf 88' lang='grc' dir='ltr'><strong><em>μυρία</em></strong></span> <span class='ocrx_word' id='word_1_221' title='bbox 563 2736 639 2797; x_wconf 89' lang='grc' dir='ltr'><strong><em>κακά</em></strong></span> <span class='ocrx_word' id='word_1_222' title='bbox 658 2735 707 2797; x_wconf 83' lang='grc' dir='ltr'><strong><em>καί</em></strong></span> <span class='ocrx_word' id='word_1_223' title='bbox 725 2737 855 2814; x_wconf 70' lang='grc' dir='ltr'><strong><em>ποικίλας</em></strong></span> <span class='ocrx_word' id='word_1_224' title='bbox 876 2734 932 2797; x_wconf 87' lang='grc' dir='ltr'><strong><em>οόκ</em></strong></span> <span class='ocrx_word' id='word_1_225' title='bbox 949 2733 981 2796; x_wconf 83' lang='grc' dir='ltr'><strong><em>έκ</em></strong></span> <span class='ocrx_word' id='word_1_226' title='bbox 999 2743 1052 2796; x_wconf 80' lang='grc' dir='ltr'><strong><em>τοῦ</em></strong></span> <span class='ocrx_word' id='word_1_227' title='bbox 1071 2739 1189 2814; x_wconf 89' lang='grc' dir='ltr'><strong><em>μοχθη-</em></strong></span> 
     </span>
    </p>
   </div>
   <div class='ocr_carea' id='block_1_9' title="bbox 251 2879 505 2950">
    <p class='ocr_par' dir='ltr' id='par_1_10' title="bbox 251 2879 505 2950">
     <span class='ocr_line' id='line_1_27' title="bbox 251 2879 505 2950; baseline 0 -17"><span class='ocrx_word' id='word_1_228' title='bbox 251 2885 265 2933; x_wconf 81' lang='grc' dir='ltr'><strong><em>ι</em></strong></span> <span class='ocrx_word' id='word_1_229' title='bbox 284 2879 407 2950; x_wconf 76' lang='lat' dir='ltr'>1.Rogg.</span> <span class='ocrx_word' id='word_1_230' title='bbox 423 2885 448 2946; x_wconf 86' lang='grc' dir='ltr'><strong><em>ε,</em></strong></span> <span class='ocrx_word' id='word_1_231' title='bbox 463 2885 505 2934; x_wconf 84' lang='lat'><strong><em>18.</em></strong></span> 
     </span>
    </p>
   </div>
   <div class='ocr_carea' id='block_1_10' title="bbox 252 2993 1298 3065">
    <p class='ocr_par' dir='ltr' id='par_1_11' title="bbox 252 2993 1298 3065">
     <span class='ocr_line' id='line_1_28' title="bbox 252 2993 1298 3065; baseline -0.002 -15"><span class='ocrx_word' id='word_1_232' title='bbox 252 3002 266 3050; x_wconf 91' lang='lat'>1</span> <span class='ocrx_word' id='word_1_233' title='bbox 285 2995 372 3050; x_wconf 81' lang='grc' dir='ltr'><strong><em>αἰτόν</em></strong></span> <span class='ocrx_word' id='word_1_234' title='bbox 385 2995 445 3049; x_wconf 80' lang='lat' dir='ltr'><strong><em>BR.</em></strong></span> <span class='ocrx_word' id='word_1_235' title='bbox 459 3024 495 3035; x_wconf 93' lang='lat'>—</span> <span class='ocrx_word' id='word_1_236' title='bbox 513 2996 565 3049; x_wconf 78' lang='grc' dir='ltr'><strong><em>οὐκ</em></strong></span> <span class='ocrx_word' id='word_1_237' title='bbox 583 2994 744 3065; x_wconf 74' lang='grc' dir='ltr'><strong><em>ἀπεπήδησε</em></strong></span> <span class='ocrx_word' id='word_1_238' title='bbox 757 2995 783 3049; x_wconf 88' lang='lat' dir='ltr'><strong>V</strong></span> <span class='ocrx_word' id='word_1_239' title='bbox 802 2997 835 3050; x_wconf 84' lang='grc' dir='ltr'><strong><em>ού</em></strong></span> <span class='ocrx_word' id='word_1_240' title='bbox 854 2994 1045 3064; x_wconf 76' lang='grc' dir='ltr'><strong><em>κατεπήδησεν</em></strong></span> <span class='ocrx_word' id='word_1_241' title='bbox 1063 2995 1115 3049; x_wconf 83' lang='grc' dir='ltr'><strong><em>ούκ</em></strong></span> <span class='ocrx_word' id='word_1_242' title='bbox 1134 2993 1188 3049; x_wconf 87' lang='grc' dir='ltr'><strong><em>ἀπ·</em></strong></span> <span class='ocrx_word' id='word_1_243' title='bbox 1297 3037 1298 3040; x_wconf 20' lang='lat'>¹</span> 
     </span>
    </p>
   </div>
   <div class='ocr_carea' id='block_1_11' title="bbox 179 3060 1187 3209">
    <p class='ocr_par' dir='ltr' id='par_1_12' title="bbox 179 3060 1187 3209">
     <span class='ocr_line' id='line_1_29' title="bbox 179 3060 1186 3137; baseline -0.003 -15"><span class='ocrx_word' id='word_1_244' title='bbox 179 3066 364 3134; x_wconf 84' lang='grc' dir='ltr'><strong><em>εδνσπέτησεν</em></strong></span> <span class='ocrx_word' id='word_1_245' title='bbox 381 3066 412 3120; x_wconf 91' lang='grc' dir='ltr'><strong><em>Β.</em></strong></span> <span class='ocrx_word' id='word_1_246' title='bbox 431 3098 465 3106; x_wconf 90' lang='grc'><strong>-</strong></span> <span class='ocrx_word' id='word_1_247' title='bbox 493 3071 509 3118; x_wconf 79' lang='lat'>2</span> <span class='ocrx_word' id='word_1_248' title='bbox 529 3060 588 3120; x_wconf 89' lang='grc' dir='ltr'><strong><em>εἰπε</em></strong></span> <span class='ocrx_word' id='word_1_249' title='bbox 611 3061 659 3120; x_wconf 85' lang='grc' dir='ltr'><strong><em>οἰα</em></strong></span> <span class='ocrx_word' id='word_1_250' title='bbox 682 3069 743 3136; x_wconf 86' lang='lat' dir='ltr'><em>(om.</em></span> <span class='ocrx_word' id='word_1_251' title='bbox 762 3069 799 3137; x_wconf 88' lang='grc' dir='ltr'><strong><em>τι)</em></strong></span> <span class='ocrx_word' id='word_1_252' title='bbox 817 3065 850 3120; x_wconf 88' lang='lat' dir='ltr'><strong><em>N.</em></strong></span> <span class='ocrx_word' id='word_1_253' title='bbox 871 3098 904 3107; x_wconf 96' lang='lat'>—</span> <span class='ocrx_word' id='word_1_254' title='bbox 929 3072 944 3120; x_wconf 77' lang='grc' dir='ltr'>ὅ</span> <span class='ocrx_word' id='word_1_255' title='bbox 968 3067 1017 3121; x_wconf 83' lang='grc' dir='ltr'><strong><em>καὶ</em></strong></span> <span class='ocrx_word' id='word_1_256' title='bbox 1039 3066 1186 3129; x_wconf 81' lang='grc' dir='ltr'><strong><em>αύτούς-</em></strong></span> 
     </span>
     <span class='ocr_line' id='line_1_30' title="bbox 179 3132 1187 3209; baseline -0.001 -17"><span class='ocrx_word' id='word_1_257' title='bbox 179 3137 283 3209; x_wconf 84' lang='grc' dir='ltr'><strong><em>μόυους</em></strong></span> <span class='ocrx_word' id='word_1_258' title='bbox 299 3136 375 3190; x_wconf 76' lang='lat' dir='ltr'><strong><em>FNV</em></strong></span> <span class='ocrx_word' id='word_1_259' title='bbox 397 3138 445 3191; x_wconf 83' lang='grc' dir='ltr'><strong><em>καί</em></strong></span> <span class='ocrx_word' id='word_1_260' title='bbox 464 3135 685 3206; x_wconf 77' lang='grc' dir='ltr'><strong><em>αὐτοί-μόνον</em></strong></span> <span class='ocrx_word' id='word_1_261' title='bbox 703 3137 800 3192; x_wconf 72' lang='grc' dir='ltr'><strong><em>Βῦίπ.</em></strong></span> <span class='ocrx_word' id='word_1_262' title='bbox 822 3170 855 3178; x_wconf 91' lang='grc'><strong>-</strong></span> <span class='ocrx_word' id='word_1_263' title='bbox 880 3145 895 3192; x_wconf 91' lang='grc'><strong>6</strong></span> <span class='ocrx_word' id='word_1_264' title='bbox 914 3132 993 3192; x_wconf 79' lang='grc' dir='ltr'><strong><em>εἶπεν</em></strong></span> <span class='ocrx_word' id='word_1_265' title='bbox 1011 3136 1074 3192; x_wconf 83' lang='grc' dir='ltr'><strong><em>ούτε</em></strong></span> <span class='ocrx_word' id='word_1_266' title='bbox 1094 3135 1187 3191; x_wconf 82' lang='grc' dir='ltr'><strong><em>ἐνενό-</em></strong></span> 
     </span>
    </p>
   </div>
   <div class='ocr_carea' id='block_1_12' title="bbox 179 3201 1297 3278">
    <p class='ocr_par' dir='ltr' id='par_1_13' title="bbox 179 3201 1297 3278">
     <span class='ocr_line' id='line_1_31' title="bbox 179 3201 1297 3278; baseline -0.005 -13"><span class='ocrx_word' id='word_1_267' title='bbox 179 3227 245 3278; x_wconf 86' lang='grc' dir='ltr'><strong><em>ησεν</em></strong></span> <span class='ocrx_word' id='word_1_268' title='bbox 268 3204 393 3278; x_wconf 79' lang='grc' dir='ltr'><strong><em>(ἐνόησεν</em></strong></span> <span class='ocrx_word' id='word_1_269' title='bbox 411 3208 445 3277; x_wconf 78' lang='lat' dir='ltr'><strong><em>G)</em></strong></span> <span class='ocrx_word' id='word_1_270' title='bbox 468 3206 599 3263; x_wconf 81' lang='lat' dir='ltr'><strong>BGDFG</strong></span> <span class='ocrx_word' id='word_1_271' title='bbox 623 3209 674 3263; x_wconf 81' lang='grc' dir='ltr'><strong><em>οάκ</em></strong></span> <span class='ocrx_word' id='word_1_272' title='bbox 697 3204 774 3264; x_wconf 81' lang='grc' dir='ltr'><strong><em>εἶπεν</em></strong></span> <span class='ocrx_word' id='word_1_273' title='bbox 798 3209 849 3263; x_wconf 82' lang='grc' dir='ltr'><strong><em>ούκ</em></strong></span> <span class='ocrx_word' id='word_1_274' title='bbox 873 3209 941 3264; x_wconf 82' lang='grc' dir='ltr'><strong><em>ἐνευ.</em></strong></span> <span class='ocrx_word' id='word_1_275' title='bbox 967 3207 1000 3262; x_wconf 88' lang='lat' dir='ltr'><strong><em>V.</em></strong></span> <span class='ocrx_word' id='word_1_276' title='bbox 1025 3240 1057 3248; x_wconf 91' lang='lat'>-</span> <span class='ocrx_word' id='word_1_277' title='bbox 1082 3209 1189 3275; x_wconf 85' lang='grc' dir='ltr'><strong><em>9πρὸς</em></strong></span> <span class='ocrx_word' id='word_1_278' title='bbox 1296 3201 1297 3271; x_wconf 62' lang='grc' dir='ltr'><strong><em>λ</em></strong></span> 
     </span>
    </p>
   </div>
   <div class='ocr_carea' id='block_1_13' title="bbox 179 3278 1186 3406">
    <p class='ocr_par' dir='ltr' id='par_1_14' title="bbox 179 3278 1186 3406">
     <span class='ocr_line' id='line_1_32' title="bbox 179 3278 1186 3350; baseline -0.004 -15"><span class='ocrx_word' id='word_1_279' title='bbox 179 3280 273 3335; x_wconf 87' lang='grc' dir='ltr'><strong><em>πάντα</em></strong></span> <span class='ocrx_word' id='word_1_280' title='bbox 291 3278 351 3333; x_wconf 85' lang='lat' dir='ltr'><strong><em>BG.</em></strong></span> <span class='ocrx_word' id='word_1_281' title='bbox 375 3312 409 3319; x_wconf 98' lang='lat'><em>-</em></span> <span class='ocrx_word' id='word_1_282' title='bbox 433 3286 466 3334; x_wconf 80' lang='lat'><strong><em>13</em></strong></span> <span class='ocrx_word' id='word_1_283' title='bbox 485 3279 662 3348; x_wconf 82' lang='grc' dir='ltr'><strong><em>ἐδυσώπησεν</em></strong></span> <span class='ocrx_word' id='word_1_284' title='bbox 680 3279 737 3334; x_wconf 78' lang='lat' dir='ltr'><strong><em>AG.</em></strong></span> <span class='ocrx_word' id='word_1_285' title='bbox 760 3313 794 3320; x_wconf 91' lang='lat'><em>-</em></span> <span class='ocrx_word' id='word_1_286' title='bbox 818 3285 852 3333; x_wconf 79' lang='lat'><strong><em>20</em></strong></span> <span class='ocrx_word' id='word_1_287' title='bbox 875 3281 1019 3350; x_wconf 80' lang='grc' dir='ltr'><strong><em>ἀγνοῶμεν</em></strong></span> <span class='ocrx_word' id='word_1_288' title='bbox 1040 3279 1126 3334; x_wconf 82' lang='lat' dir='ltr'><strong>GRV.</strong></span> <span class='ocrx_word' id='word_1_289' title='bbox 1153 3311 1186 3319; x_wconf 96' lang='lat'>—</span> 
     </span>
     <span class='ocr_line' id='line_1_33' title="bbox 180 3349 926 3406; baseline 0.001 -2"><span class='ocrx_word' id='word_1_290' title='bbox 180 3357 214 3404; x_wconf 79' lang='lat'><strong><em>25</em></strong></span> <span class='ocrx_word' id='word_1_291' title='bbox 233 3351 281 3404; x_wconf 83' lang='grc' dir='ltr'><strong><em>καί</em></strong></span> <span class='ocrx_word' id='word_1_292' title='bbox 299 3349 412 3405; x_wconf 86' lang='grc' dir='ltr'><strong><em>ποικίλα</em></strong></span> <span class='ocrx_word' id='word_1_293' title='bbox 430 3350 504 3406; x_wconf 90' lang='grc' dir='ltr'><strong><em>κακά</em></strong></span> <span class='ocrx_word' id='word_1_294' title='bbox 524 3350 548 3405; x_wconf 85' lang='lat' dir='ltr'><strong>G</strong></span> <span class='ocrx_word' id='word_1_295' title='bbox 570 3352 619 3405; x_wconf 81' lang='grc' dir='ltr'><strong><em>καί</em></strong></span> <span class='ocrx_word' id='word_1_296' title='bbox 636 3349 749 3406; x_wconf 89' lang='grc' dir='ltr'><strong><em>ποικίλα</em></strong></span> <span class='ocrx_word' id='word_1_297' title='bbox 767 3368 817 3406; x_wconf 86' lang='lat' dir='ltr'><strong><em>om.</em></strong></span> <span class='ocrx_word' id='word_1_298' title='bbox 832 3351 926 3406; x_wconf 69' lang='lat' dir='ltr'><strong>Bchx.</strong></span> 
     </span>
    </p>
   </div>
   <div class='ocr_carea' id='block_1_14' title="bbox 251 3472 1189 3547">
    <p class='ocr_par' dir='ltr' id='par_1_15' title="bbox 251 3472 1189 3547">
     <span class='ocr_line' id='line_1_34' title="bbox 251 3472 1189 3547; baseline 0.004 -21"><span class='ocrx_word' id='word_1_299' title='bbox 251 3478 267 3526; x_wconf 89' lang='grc'><strong>8</strong></span> <span class='ocrx_word' id='word_1_300' title='bbox 287 3472 362 3542; x_wconf 80' lang='grc' dir='ltr'><strong><em>ἱερέα</em></strong></span> <span class='ocrx_word' id='word_1_301' title='bbox 380 3475 473 3530; x_wconf 76' lang='lat' dir='ltr'><strong>Pchr.</strong></span> <span class='ocrx_word' id='word_1_302' title='bbox 497 3507 531 3517; x_wconf 93' lang='lat'>-</span> <span class='ocrx_word' id='word_1_303' title='bbox 556 3481 588 3530; x_wconf 87' lang='grc'><strong><em>13</em></strong></span> <span class='ocrx_word' id='word_1_304' title='bbox 612 3474 639 3529; x_wconf 84' lang='grc' dir='ltr'><strong><em>οῖ</em></strong></span> <span class='ocrx_word' id='word_1_305' title='bbox 662 3475 709 3529; x_wconf 80' lang='grc' dir='ltr'><strong><em>καὶ</em></strong></span> <span class='ocrx_word' id='word_1_306' title='bbox 731 3483 780 3544; x_wconf 83' lang='grc' dir='ltr'><strong><em>τῆς</em></strong></span> <span class='ocrx_word' id='word_1_307' title='bbox 799 3475 828 3528; x_wconf 92' lang='lat' dir='ltr'><strong><em>P.</em></strong></span> <span class='ocrx_word' id='word_1_308' title='bbox 853 3507 888 3515; x_wconf 93' lang='lat'><em>-</em></span> <span class='ocrx_word' id='word_1_309' title='bbox 912 3480 944 3529; x_wconf 75' lang='lat'><strong><em>15</em></strong></span> <span class='ocrx_word' id='word_1_310' title='bbox 967 3484 1189 3547; x_wconf 84' lang='grc' dir='ltr'><strong><em>παραχωροῦμεν</em></strong></span> 
     </span>
    </p>
   </div>
   <div class='ocr_carea' id='block_1_15' title="bbox 181 3543 1295 3616">
    <p class='ocr_par' dir='ltr' id='par_1_16' title="bbox 181 3543 1295 3616">
     <span class='ocr_line' id='line_1_35' title="bbox 181 3543 1295 3616; baseline 0.002 -18"><span class='ocrx_word' id='word_1_311' title='bbox 181 3543 334 3612; x_wconf 84' lang='grc' dir='ltr'><strong><em>δυνάμενοι</em></strong></span> <span class='ocrx_word' id='word_1_312' title='bbox 352 3550 414 3601; x_wconf 91' lang='grc' dir='ltr'><strong><em>κωλ.</em></strong></span> <span class='ocrx_word' id='word_1_313' title='bbox 429 3547 458 3600; x_wconf 91' lang='grc' dir='ltr'><strong><em>Ρ.</em></strong></span> <span class='ocrx_word' id='word_1_314' title='bbox 474 3578 507 3587; x_wconf 96' lang='grc'>-</span> <span class='ocrx_word' id='word_1_315' title='bbox 528 3551 631 3601; x_wconf 81' lang='grc'><strong>16-18</strong></span> <span class='ocrx_word' id='word_1_316' title='bbox 650 3547 699 3600; x_wconf 82' lang='grc' dir='ltr'><strong><em>καί</em></strong></span> <span class='ocrx_word' id='word_1_317' title='bbox 717 3545 892 3601; x_wconf 84' lang='grc' dir='ltr'><strong><em>ἀναστέλλειν</em></strong></span> <span class='ocrx_word' id='word_1_318' title='bbox 911 3546 959 3601; x_wconf 84' lang='grc' dir='ltr'><strong><em>καλ</em></strong></span> <span class='ocrx_word' id='word_1_319' title='bbox 975 3543 1120 3616; x_wconf 80' lang='grc' dir='ltr'><strong><em>νομίζομεν</em></strong></span> <span class='ocrx_word' id='word_1_320' title='bbox 1139 3548 1190 3602; x_wconf 90' lang='grc' dir='ltr'><strong><em>άυ-</em></strong></span> <span class='ocrx_word' id='word_1_321' title='bbox 1294 3589 1295 3600; x_wconf 65' lang='grc'><strong><em>,</em></strong></span> 
     </span>
    </p>
   </div>
   <div class='ocr_carea' id='block_1_16' title="bbox 179 3613 1087 3688">
    <p class='ocr_par' dir='ltr' id='par_1_17' title="bbox 179 3613 1087 3688">
     <span class='ocr_line' id='line_1_36' title="bbox 179 3613 1087 3688; baseline 0.003 -21"><span class='ocrx_word' id='word_1_322' title='bbox 179 3613 311 3683; x_wconf 83' lang='grc' dir='ltr'><strong><em>έγκλητον</em></strong></span> <span class='ocrx_word' id='word_1_323' title='bbox 330 3613 403 3672; x_wconf 90' lang='grc' dir='ltr'><strong><em>εἰναι</em></strong></span> <span class='ocrx_word' id='word_1_324' title='bbox 421 3619 452 3673; x_wconf 84' lang='grc' dir='ltr'><strong><em>τὸ</em></strong></span> <span class='ocrx_word' id='word_1_325' title='bbox 470 3625 598 3673; x_wconf 73' lang='grc' dir='ltr'><strong><em>τοιοῦτον</em></strong></span> <span class='ocrx_word' id='word_1_326' title='bbox 615 3618 665 3671; x_wconf 82' lang='grc' dir='ltr'><strong><em>καί</em></strong></span> <span class='ocrx_word' id='word_1_327' title='bbox 683 3613 845 3673; x_wconf 86' lang='grc' dir='ltr'><strong><em>ἀκίνδυνον.</em></strong></span> <span class='ocrx_word' id='word_1_328' title='bbox 878 3618 927 3671; x_wconf 85' lang='grc' dir='ltr'><strong><em>καλ</em></strong></span> <span class='ocrx_word' id='word_1_329' title='bbox 945 3617 1041 3688; x_wconf 80' lang='grc' dir='ltr'><strong><em>μηδεὶς</em></strong></span> <span class='ocrx_word' id='word_1_330' title='bbox 1058 3617 1087 3671; x_wconf 88' lang='grc' dir='ltr'><strong><em>Ρ.</em></strong></span> 
     </span>
    </p>
   </div>
   <div class='ocr_carea' id='block_1_17' title="bbox 0 0 1314 3909">
    <p class='ocr_par' dir='ltr' id='par_1_18' title="bbox 0 0 1314 3909">
     <span class='ocr_line' id='line_1_37' title="bbox 0 0 1314 3909; baseline 0 1"><span class='ocrx_word' id='word_1_331' title='bbox 0 0 1314 3909; x_wconf 95' lang='lat' dir='ltr'><strong><em> </em></strong></span> 
     </span>
    </p>
   </div>
  </div>
 </body>
</html>
