2617 3909
536 251 738 303 PRAEFATIO
1106 254 1144 305 LI

123 398 315 474 scripserunt,
339 398 483 459 secundus
507 401 599 458 etiem
617 417 741 477 graecae
760 400 883 478 linguee
901 401 1143 477 imperitissimus

123 487 189 560 fuit,
214 488 267 562 qui
286 487 405 562 quidem
424 488 533 549 codicis
553 489 709 564 archetypi
730 489 905 565 compendia
922 493 1143 566 perversissime

121 577 338 652 interpretetus
358 580 410 651 est,
429 578 525 636 veluti
540 575 678 655 βασιλεὺς
695 580 815 653 reponit
832 597 887 654 pro
907 579 1043 639 omnibus
1062 582 1142 640 vocis

121 663 257 743 βασιλεία
281 664 410 739 essibus,
442 664 578 746 σαμάρον
605 686 661 742 pro
689 666 862 746 σαμαοείας,
894 668 955 727 elie
981 669 1013 727 id
1041 689 1142 747 genus.

119 753 213 813 Iudex
228 756 363 830 capitum
379 754 460 814 idem
474 756 535 815 fere
554 758 600 816 est
619 758 672 830 qui
688 757 722 814 in
734 754 791 830 Ar,
809 758 869 817 nisi
887 757 966 832 quod
985 758 1141 835 inscriptio

120 843 304 903 vocobulum
326 842 415 916 πίναξ
438 845 558 905 exhibet
584 839 668 904 nullo
695 844 786 905 verbo
813 844 924 906 addito.
972 845 1144 923 Sequuntur

118 932 251 992 indicem
272 934 334 991 trie
355 933 429 993 folia
452 952 556 993 vacue.
603 932 732 1010 Scripsit
752 935 882 995 indicem
906 934 1047 996 librarius
1070 938 1140 995 ulti-

119 1040 238 1081 morum
252 1022 361 1081 codicis
374 1023 525 1097 foliorum,
543 1022 624 1082 idem
636 1023 748 1099 ubique
761 1025 970 1100 inscriptiones
983 1028 1015 1083 in
1029 1044 1142 1100 versus,

120 1130 196 1187 qnos
219 1112 330 1187 reliqui
351 1110 469 1171 librarii
491 1130 601 1172 vecuos
622 1112 818 1189 reliquerant,
842 1115 976 1173 inseruit.
1013 1114 1142 1178 Videtur

118 1200 215 1279 igitur
242 1202 354 1277 scripto
380 1202 442 1259 iem
469 1201 608 1261 chronico
640 1202 770 1261 indicem
796 1204 902 1278 postea
929 1204 1140 1278 anteposuisse.

118 1289 161 1349 Et
186 1288 278 1349 index
309 1292 340 1349 et
365 1288 575 1366 inscriptiones
607 1293 638 1349 et
665 1294 763 1351 textus
791 1310 810 1350 e
837 1290 922 1351 libris
949 1289 1010 1351 Am
1037 1294 1068 1352 et
1094 1290 1142 1352 Ar

119 1380 299 1456 cognetioue
317 1381 450 1455 proxime
469 1380 585 1439 obsunt.
627 1380 663 1437 In
681 1382 834 1455 prooemio
853 1382 884 1440 et
902 1380 1034 1440 chronici
1052 1381 1140 1441 initio

119 1468 242 1528 eaedem
264 1468 389 1529 lecunee
412 1471 530 1529 exstent
558 1488 637 1545 quse
660 1469 802 1529 inlibris
825 1469 978 1543 affinibus,
1005 1470 1141 1547 pluribus

117 1561 222 1617 temen
243 1557 331 1616 rebus
353 1558 403 1617 hic
421 1557 512 1617 codex
530 1557 630 1617 differt
649 1578 667 1617 e
684 1559 818 1634 reliquis.
854 1559 955 1635 Atque
972 1559 1026 1618 ubi
1043 1562 1142 1636 prime

117 1648 229 1707 lecune
251 1649 349 1706 exstet
370 1646 511 1707 librarius
534 1649 677 1707 continuo
705 1648 831 1707 scribere
858 1650 959 1727 pergit
985 1667 1079 1725 usque
1103 1649 1141 1708 ed

117 1732 190 1809 τοὺς
208 1732 309 1814 κριτὰς
328 1733 410 1814 μέχρι
427 1756 456 1813 p.
467 1740 497 1812 4,
509 1738 538 1811 9,
556 1739 724 1813 vocantque
742 1739 842 1813 sputis
855 1737 1036 1813 ubicumque
1049 1738 1140 1798 verbu

117 1825 180 1902 legi
203 1843 263 1884 non
284 1828 456 1901 potuerunt
503 1824 677 1901 Sequuntur
698 1826 797 1885 medie
819 1828 852 1885 in
875 1828 987 1905 pagine
1010 1827 1096 1887 hoece

441 1943 475 2007 θ’
497 1948 591 2021 οὕτως
615 1947 721 2009 αὐτίκα
744 1948 814 2021 τοὺς

441 2036 490 2097 διὰ
512 2038 677 2120 βραχυλογί

441 2125 537 2206 ὥσπερ
561 2125 600 2205 δὴ
622 2124 674 2187 καί
696 2124 729 2186 τὸ

441 2214 517 2295 όχων
540 2213 590 2276 καί

438 2302 489 2364 καί
512 2304 570 2365 δον

439 2415 478 2453 κα

185 2502 341 2577 Reliquiae
359 2502 415 2560 hee
434 2520 450 2560 e
468 2500 682 2561 vetustioribus
703 2501 790 2561 libris
810 2500 899 2561 focile
917 2502 1051 2578 suppleri
1070 2521 1137 2579 pos·

116 2595 196 2651 sunt.
233 2590 306 2650 Post
327 2590 382 2651 hes
404 2591 492 2668 plure
510 2590 625 2650 desunt.
663 2590 741 2649 Tum
763 2591 873 2669 reliqui
894 2590 966 2650 libri
989 2592 1138 2668 incipiunt

111 2678 136 2741 'e
148 2679 248 2739 verbis
262 2675 323 2757 ἤδη
342 2674 374 2739 δὲ
393 2677 498 2739 λοιπὸν
511 2700 539 2755 p.
552 2680 580 2755 5,
593 2681 644 2754 13,
660 2680 707 2739 Pa
719 2682 783 2739 iem
797 2698 815 2739 a
828 2678 986 2761 θεηγόρον
1004 2703 1033 2757 p.
1045 2682 1074 2756 5,
1087 2684 1137 2756 12,

115 2770 168 2830 sed
192 2770 307 2828 omittit
324 2788 352 2827 v.
374 2770 414 2827 13
433 2788 519 2828 voces
543 2766 662 2841 πάντας
685 2772 714 2828 et
733 2766 775 2848 ot,
799 2788 866 2827 cum
886 2788 996 2847 perves
1014 2770 1137 2830 lacunas

113 2859 239 2918 indicet.
272 2856 418 2917 Similiter
435 2860 468 2916 in
486 2858 615 2917 secunde
633 2858 742 2917 lecunc
760 2859 895 2935 plerique
909 2859 980 2918 libri
996 2859 1137 2918 deficiunt

113 2950 147 3007 in
165 2946 264 3007 verbis
287 2940 349 3007 elce
370 2968 398 3024 p.
420 2949 448 3022 7,
464 2949 483 3005 4
502 2947 551 3005 vel
569 2944 601 3006 ἕν
619 2954 658 3029 γῇ
676 2968 706 3023 p.
728 2949 756 3023 7,
771 2948 800 3027 5,
823 2949 930 3008 Mein
948 2948 1039 3008 verbo
1057 2944 1135 3024 ἄπη-

113 3035 211 3117 extro
234 3055 262 3111 p.
284 3038 312 3111 7,
333 3038 367 3110 73
393 3039 425 3094 in
448 3036 494 3096 Ρο
516 3040 585 3111 post
608 3039 798 3096 enuntiatum
821 3035 892 3115 μετὰ
914 3034 947 3098 δὲ
970 3044 1061 3096 ταῦτα
1082 3042 1136 3114 τῆς

114 3126 211 3198 οἰκίας
235 3117 282 3185 ἐπ’
303 3122 394 3185 αὐτὸν
416 3124 565 3202 πεσούσης
591 3124 716 3184 dimidie
742 3144 846 3186 versus
869 3145 938 3204 pers
963 3143 1059 3186 vacue
1081 3127 1135 3200 est,

113 3220 180 3275 tum
202 3214 303 3274 medie
324 3216 357 3272 in
378 3216 491 3292 pagine
514 3217 680 3290 sequuntur
700 3215 805 3275 verba:

376 3335 445 3417 ittet
468 3335 503 3397 τὰ
526 3338 697 3420 πρωτότοκα
720 3344 781 3422 θεῷ
801 3343 876 3400 neoc

376 3422 395 3505 ἣ
419 3426 564 3506 φίλαύοὸν
587 3425 695 3488 ἑαυτὸν
718 3429 841 3506 συνίστη

375 3514 480 3597 pieros
502 3514 698 3596 προσεδέχθη.
734 3525 787 3577 τοῦ
810 3513 843 3577 cl
866 3515 880 3577 ἓ

377 3602 475 3677 ulios
499 3602 667 3685 οὐρανόθεν
690 3604 785 3686 πυρὸς
807 3604 849 3677 εἰς
872 3604 928 3684 τὴν

933 3704 971 3756 d!
