2617 3909
542 257 731 310 Χεοωῑαοω
1100 259 1142 323 67

130 403 164 464 τὸ
192 400 351 485 στερέωμα,
378 402 482 476 καθὼς
508 401 675 487 γέγραπται.
722 402 738 465 ὑ
766 403 820 484 μὲν
847 398 902 468 ούν
930 407 1045 486 κτίστης
1072 407 1144 482 θεὸς

130 498 237 574 τέλειός
254 501 315 563 ἐστι
332 500 383 563 καί
400 500 565 582 προτέλειος
586 501 637 563 καί
655 501 796 583 ἀνενδεὴς
818 503 893 565 κατὰ
910 505 1007 566 πάντα
1023 503 1142 588 τρόπον.

85 648 87 653 .
129 598 166 660 τὰ
184 596 216 660 δέ
234 601 376 678 κτίσματα
393 600 493 680 λαβών
511 622 555 673 τις
573 593 639 661 οίον
655 600 742 680 ἥλιον
762 598 816 680 μὲν
833 597 907 663 καθ’
928 601 1034 665 ἑαυτὸν
1051 601 1145 682 μόνον

128 694 182 757 καί
208 696 350 777 σελήνην,
381 705 440 778 μην
466 719 496 758 τε
523 689 562 758 αύ
589 695 639 758 καί
667 695 753 780 ἀέρα,
784 697 835 759 καλ
865 698 921 778 τὴν
947 700 1065 782 θερμὴν
1094 699 1145 762 καλ

129 793 251 875 ψυχρὰν
272 792 323 854 καλ
341 792 435 874 ξηρὰν
456 792 507 855 καί
524 792 620 876 ὑγρὰν
643 793 748 856 ούσίαν
772 796 895 878 διαιρῶν
917 795 976 859 ἀπὸ
994 807 1046 878 της
1069 798 1143 878 πρὸς
1172 820 1184 860 ι

128 889 240 971 ύλληλα
271 893 434 970 συναφείας
470 889 593 953 ἕκαστον
624 890 744 973 έκλοίβοι
779 888 851 955 καθ’
882 893 969 958 ἕαντὸ
1000 893 1050 957 καί
1083 895 1144 980 ι’ὑίφ
1158 919 1185 959 ιι
1199 918 1229 958 ιτ.

128 989 319 1072 θεωρήσειεν,
341 988 459 1071 εὑρήσει
478 989 597 1063 πάντως
619 988 713 1071 μηδὲν
731 991 929 1070 [κοινούμενον
947 991 1048 1076 ἑαυτῷ,
1071 991 1143 1054 ἀλλὰ

128 1097 182 1168 της
204 1086 338 1166 ύλλήλων
360 1088 457 1169 χρείας
479 1085 652 1166 έπιὺεύμενα
674 1085 725 1148 καλ
747 1094 811 1161 ταῖς
831 1084 903 1168 παρ’
924 1087 1058 1168 ἀλλήλων
1080 1089 1143 1151 ἐπι-

128 1185 264 1267 κουρίαις
286 1185 491 1264 συνιστάμενα.
531 1185 615 1265 ἥλιος
639 1184 693 1265 μέν
714 1185 770 1269 γὰρ
793 1191 832 1270 τῷ
853 1186 1001 1264 σύμπαντι
1024 1186 1142 1270 ούρανῷ

128 1281 409 1364 συμπεριστρέφεται
430 1281 481 1344 καλ
503 1280 712 1365 ἐμπεριέχεται,
741 1281 791 1345 καί
819 1282 922 1357 σκότος
949 1293 1002 1364 τῆς
1028 1283 1142 1346 ἐκείνου
1157 1307 1184 1347 ιο

127 1381 329 1462 κυκλοφορίας
358 1380 414 1442 ούκ
440 1379 478 1442 &iv
504 1402 574 1443 ποτε
605 1379 734 1463 χένοιτο,
766 1380 874 1460 σελήνη
907 1379 940 1442 δὲ
971 1379 1021 1442 καλ
1052 1378 1144 1462 λίστρα

128 1487 310 1560 μαρτυροῦσι
339 1477 396 1557 τὴν
421 1477 503 1562 παρὰ
528 1476 616 1558 ἡλίου
642 1478 803 1561 γινομένην
833 1479 934 1554 αύτοῖς
961 1481 1142 1562 φωταυχίαν.

126 1586 165 1658 μη
199 1574 232 1638 δέ
260 1576 350 1637 πάλιν
381 1575 438 1637 ούκ
467 1574 540 1638 ἄνευ
571 1575 665 1639 ὑετῶν
696 1577 767 1651 τούς
794 1577 927 1658 καρπούς
959 1577 1143 1640 ἀποδιδοῦσα

127 1675 280 1754 φαίνεται,
308 1673 340 1735 οί
360 1672 392 1735 δὲ
413 1672 493 1735 ὑετοί
515 1672 603 1755 χωρλς
625 1685 678 1755 τῆς
700 1685 760 1736 τῶν
782 1686 884 1755 νεφῶν
907 1677 1004 1758 χρείας
1027 1676 1082 1738 ούκ
1104 1673 1143 1738 ἂν

126 1770 176 1834 έπλ
203 1781 256 1852 της
282 1780 338 1854 γῆς
363 1774 535 1852 καταβαῖεν,
562 1766 625 1833 ἀλλ’
651 1771 722 1835 ούὺέ
748 1771 827 1853 νέφη
854 1773 942 1855 χωρίς
968 1783 1022 1836 τού
1048 1771 1141 1856 ἀέρος.
1156 1794 1182 1837 15

126 1868 178 1931 καλ
200 1866 217 1930 ὑ
240 1867 297 1952 ἀὴρ
321 1869 375 1950 ούχ
396 1863 451 1948 ὑφ’
472 1868 590 1950 ἑαυτοῦ,
613 1865 676 1931 ἀλλ’
699 1870 759 1933 ὑπὸ
782 1868 835 1950 μέν
858 1881 911 1932 τοῦ
934 1869 1055 1954 αἰθέρος
1078 1873 1143 1933 δια-

125 1968 255 2048 καίεται,
286 1967 347 2030 ὑπὸ
376 1965 408 2029 δὲ
439 1976 493 2029 τοῦ
523 1965 611 2047 ἡλίου
641 1967 902 2048 καταλαμπόμενος
935 1968 1141 2050 λαμπρύνεται.

125 2063 178 2126 καί
199 2062 293 2147 πηγαί
317 2062 371 2144 μὲν
392 2063 443 2126 καί
464 2063 591 2145 ποταμοί
618 2064 675 2127 ούιι
699 2064 772 2127 ίίνευ
794 2075 847 2147 τῆς
868 2075 924 2148 γῆς
946 2066 1143 2145 συστησονταί

126 2185 212 2244 ποτε,
238 2172 277 2244 μῆ
305 2160 338 2224 ὑὲ
365 2163 419 2244 οὐχ
440 2158 496 2242 ὑφ’
517 2162 625 2244 ἑαυτῆς
645 2162 823 2246 έρύρεισται,
850 2157 913 2225 ἀλλ’
939 2162 988 2224 έπλ
1013 2160 1067 2242 μέν
1089 2173 1142 2242 τῆς

126 2271 186 2322 τῶν
213 2258 332 2323 ὑὺύτων
358 2260 462 2334 οὐσίας
488 2259 680 2341 συνέστηκεν,
708 2258 901 2342 ἐμπεριέχεται
929 2258 962 2321 δέ
988 2258 1038 2321 καί
1065 2258 1140 2339 αύτη
1155 2284 1181 2323 ιο

125 2357 201 2420 κατὰ
228 2359 261 2421 τὸ
284 2357 373 2438 μέσον
399 2367 453 2420 τοῦ
475 2358 585 2432 παντὸς
612 2359 805 2438 συνδεθεῐσα,
832 2358 853 2438 η’
875 2380 904 2418 τε
929 2357 1065 2419 θάλασσα
1091 2355 1141 2418 καί

126 2456 144 2520 ὑ
163 2456 275 2530 ἔξωθεν
297 2456 457 2538 περιρρέων
480 2457 639 2536 σύμπασαν
656 2465 714 2538 γῆν
733 2453 822 2536 μέχας
840 2452 971 2529 ὠκεανὸς
992 2453 1056 2519 ὑπὸ,
1074 2453 1094 2516 ίι
1112 2454 1141 2517 έ-

199 2659 287 2724 3-φ.
304 2659 395 2722 68,12
414 2655 516 2708 Athan.
532 2658 581 2710 etr.
596 2655 696 2724 gentes
715 2657 749 2707 2⁷
767 2653 864 2723 Migne
882 2653 962 2707 5313.

143 2887 149 2898 .
199 2819 215 2868 ο
234 2815 305 2883 πρὸς
323 2813 441 2906 ἀλλήλας
459 2813 506 2868 ΟΡ
524 2820 550 2870 et
566 2815 682 2906 [οτίοοοι
698 2813 736 2867 Μ.
752 2845 785 2854 -
805 2819 821 2868 6
840 2809 1012 2868 καθ’έαυτὺν
1030 2813 1056 2867 R
1073 2820 1099 2869 et
1115 2813 1138 2867 Β

125 2882 1140 3080 ἐκτικέναιἕηκενρα-..ὲαῑιαέιικλλ
1189 2949 1194 2958 ·

126 3035 161 3083 οὕ
174 3025 272 3097 ἡλίοτυ
285 3027 348 3082 BN.
364 3060 397 3069 -
411 3025 563 3098 γενομένην
578 3027 678 3082 cFGL
704 3027 738 3082 V.
749 3059 782 3068 —
798 3024 977 3098 φωταοχείαν
991 3025 1013 3079 Ρ
1028 3026 1137 3096 φωταύ·

124 3119 206 3171 χειαν
224 3099 251 3153 R
275 3097 462 3170 φωταχωχίαν
480 3099 511 3152 L.
537 3130 570 3139 —
598 3105 631 3153 14
649 3101 774 3168 νεφελῶν
793 3097 914 3152 cluth.
939 3129 972 3139 -
997 3103 1029 3151 15
1053 3115 1139 3150 κατα-

125 3173 254 3243 βαῖνοιεν
270 3171 296 3224 A
318 3167 538 3242 καταβαίνουσιν
556 3170 583 3224 R
608 3168 818 3239 καταφέρονται
836 3169 873 3222 W
895 3167 1030 3239 φέρονται
1048 3166 1081 3221 V.
1104 3199 1137 3207 —

124 3242 211 3298 οὐδέν
230 3242 284 3312 ἔφη
299 3241 378 3296 cflL
397 3243 447 3312 (lit.
461 3242 541 3311 corr.)
559 3248 585 3297 et
601 3257 671 3296 εοοο.
687 3240 804 3310 quidam
822 3238 961 3310 ούὺενέφη
978 3238 1065 3308 (-ειΑ
1089 3237 1138 3290 ΑΡ

125 3312 211 3370 ούδέν
225 3311 298 3383 νέφη
308 3312 345 3365 W
359 3312 426 3369 οὐδὲ
439 3310 541 3382 νεφέλη
554 3312 585 3366 1⁴¹.
600 3344 633 3353 -
647 3321 698 3367 τοῦ
712 3329 762 3367 om.
777 3312 812 3366 N.
827 3343 861 3352 —
877 3317 910 3366 1⁷
924 3318 974 3366 τού
988 3326 1039 3365 om.
1102 3309 1135 3364 V.

125 3417 160 3426 -
181 3389 214 3439 19
234 3383 391 3454 έρύρεισται
403 3383 430 3439 V
447 3391 472 3439 et
491 3383 513 3437 L
530 3401 565 3439 m.
584 3387 604 3439 2
626 3381 775 3452 έρίρεισται
793 3383 817 3436 Β
841 3380 988 3452 έρείρισται
1007 3379 1083 3506 (ἐρίρ.
1101 3382 1136 3451 A)

124 3455 186 3510 rell,
202 3487 236 3496 -
255 3461 290 3509 20
309 3456 380 3526 αὑτῇ
393 3454 480 3509 HPV.
496 3486 529 3496 -
549 3460 583 3510 21
602 3455 643 3526 τε]
661 3453 692 3511 δὲ
706 3454 740 3508 Ν.
756 3485 789 3494 -
809 3460 842 3508 22
861 3453 912 3523 τὴν
925 3453 1013 3523 χηνΙι
1036 3452 1135 3506 RAth.

199 3639 231 3688 11
252 3633 369 3704 σελήνην
386 3633 416 3687 Ρ.
436 3665 470 3674 -
489 3639 522 3689 21
543 3631 736 3700 σννεδεσθήοα
754 3630 783 3684 P.

941 3719 976 3774 5.
