2617 3909
163 218 257 276 mv
573 225 775 277 PRAEFATIO

165 373 221 431 ‘ubi
230 372 385 433 ‘secundus
403 370 539 433 Muraltii
557 373 634 433 liber
650 374 774 433 initium
791 374 893 450 capit·
903 372 986 433 baud
1000 374 1096 450 pauci
1108 372 1194 447 libri,

169 464 256 538 qnasi
283 462 411 539 incipiat
442 462 563 521 demum
590 462 765 538 chronicon,
796 462 919 541 Georgii
949 482 1057 522 nomen
1085 480 1191 522 rursus

170 555 413 626 commemorant,
434 552 468 609 in
487 552 517 610 B
535 552 621 611 nulla
639 555 739 613 exstat
754 553 920 629 inscriptio,
938 553 1040 611 sedin
1053 554 1193 630 margine

167 643 288 701 tantm
307 636 382 719 Περὶ
401 636 492 718 Ἀδὰμ
510 642 647 716 10101111,
669 661 698 718 p.
719 644 793 715 293,
813 645 841 716 7,
864 641 1189 718 ubiuiimperstores

166 730 321 789 Romanos
348 730 509 805 transitum,
541 748 601 789 non
628 732 767 790 universe
798 731 835 790 de
861 730 1106 807 imperatoribus,
1137 731 1193 789 sed

167 822 288 878 tantum
306 816 382 898 Περὶ
397 812 523 879 Ἰουλίου
540 820 694 900 Καίσαρος
711 818 897 896 inscribitur,
919 840 948 896 p.
968 820 1043 895 489,
1062 822 1114 894 21,
1137 819 1190 878 ubi

166 908 206 967 de
229 907 401 971 christianis
423 908 656 985 imperatoribus
683 927 772 987 agere
798 910 1043 987 chronographus
1065 909 1193 981 orditum,

171 1000 209 1054 et·
224 999 257 1055 in
274 996 431 1073 ‘plerisque
457 997 543 1058 libris
566 1017 645 1058 nova
668 998 805 1057 chronici.
826 1018 897 1074 pars
919 998 1078 1072 indicatur,
1104 1000 1136 1056 in
1159 997 1189 1055 B

169 1105 266 1161 neque
289 1086 444 1163 inscriptio
473 1086 644 1163 exhibetur,
671 1106 766 1162 neque
794 1106 889 1147 novus
911 1105 1015 1146 versus
1037 1086 1193 1163 incipitur,

170 1194 238 1233 eum
260 1175 322 1233 ium
344 1196 373 1252 p.
394 1177 468 1250 484,
489 1179 530 1235 14
554 1174 630 1257 Περὶ
653 1176 865 1237 Κωνοταντίον
890 1173 942 1235 καὶ
963 1184 1017 1236 τοῦ
1039 1174 1073 1236 ἕν
1094 1172 1192 1255 ἁγίοις

171 1263 298 1344 μεγάλου
316 1266 546 1325 Κωνσταντίνοο
567 1268 745 1343 inscriptum
764 1266 812 1326 sit.
849 1266 981 1325 Econtra
998 1266 1193 1342 peculiariter

169 1356 202 1411 in
225 1354 256 1412 B
279 1354 438 1430 adscriptis
461 1356 592 1414 numeris
616 1354 801 1414 ordinalibus
819 1358 851 1414 et
872 1359 971 1415 textus
994 1359 1026 1413 et
1047 1354 1136 1413 index
1157 1356 1191 1413 in

170 1445 272 1519 partes
296 1442 449 1501 dividitur.
488 1442 565 1501 Sunt
586 1444 620 1503 hi
641 1444 722 1503 idem
739 1444 802 1504 fere
823 1445 856 1502 in
874 1447 959 1503 textu
982 1448 1014 1503 et
1034 1447 1067 1502 in
1084 1443 1192 1518 indice,

170 1532 222 1590 sod
245 1530 333 1590 modo
357 1532 406 1590 hio
428 1532 516 1591 modo
534 1532 598 1591 11110
620 1533 710 1592 modo
734 1527 1059 1609 utrobique-librarius
1081 1552 1192 1610 ponere

170 1640 327 1679 numerum
354 1622 463 1679 omisit.
509 1621 601 1681 Initio
629 1622 767 1681 celeriter
792 1624 909 1681 numeri
937 1641 1000 1681 sese
1029 1622 1194 1700 excipiunt,

171 1710 267 1768 veluti
290 1712 318 1767 Δ
344 1711 406 1768 iam
428 1730 458 1786 p.
479 1711 590 1784 25,13
623 1713 722 1770 exstat
749 1711 836 1770 iuxta
863 1712 1088 1787 inscriptionem
1116 1708 1191 1790 Περὶ

170 1806 223 1859 τοῦ
242 1796 424 1869 Μακεδόνος
443 1798 643 1880 Ἀλεξάνδρον,
667 1800 719 1875 qui
737 1804 807 1876 post
833 1800 920 1860 illum
946 1801 1061 1876 primus
1088 1819 1193 1876 super·

171 1891 218 1946 est
249 1890 274 1947 Z
306 1909 335 1965 p.
357 1889 452 1962 60,s
484 1891 569 1947 iuxta
601 1889 827 1966 inscriptionem
860 1886 936 1970 Περὶ
967 1888 1193 1966 κυνοκεφάλων,

170 1980 207 2035 n
224 1997 253 2053 p.
275 1979 326 2052 es,
346 1980 385 2035 11
410 1980 496 2037 nura
518 1978 744 2053 inscriptionem
763 1976 838 2057 Περὶ
860 1956 971 2060 daps.
1007 1978 1193 2038 possesne

164 2068 240 2142 ¹plus
272 2066 351 2125 inter
383 2086 414 2126 se
451 2066 572 2125 distant.
623 2066 732 2126 Ultimi
763 2071 833 2126 sunt
861 2070 925 2125 ΚΓ
952 2068 1041 2126 initio
1072 2068 1195 2144 imperii

166 2156 282 2215 'Iustini
299 2156 315 2213 I
337 2176 366 2231 p.
387 2157 461 2230 626,
481 2158 509 2233 3,
532 2158 595 2214 ΚΔ
612 2157 701 2215 initio
719 2157 839 2233 imperii
854 2154 1046 2216 Constantini
1058 2156 1195 2215 Heraclii

170 2244 227 2304 filii
249 2266 277 2321 p.
299 2246 445 2320 673,19,
472 2246 535 2304 ΚΕ
561 2247 649 2304 initio
677 2246 798 2323 imperii
825 2245 1015 2305 Constantini
1042 2246 1196 2322 Pogonati

171 2352 199 2411 p.
217 2335 357 2410 721112.
395 2332 459 2403 Quo
479 2354 625 2410 quemque
643 2354 801 2394 numerum
814 2334 954 2395 librarius
971 2337 1106 2411 posuerit
1123 2354 1193 2393 eon-

172 2423 248 2482 silio·
263 2441 323 2481 non
345 2423 460 2498 liquet.
486 2424 591 2499 Neque
610 2426 690 2483 enim
707 2424 768 2483 illis
787 2427 887 2484 textus
904 2426 937 2483 in
956 2426 1096 2500 aequales
1115 2424 1194 2483 divi·

173 2511 255 2571 ditur
277 2514 393 2588 partes,
415 2532 512 2588 neque
535 2513 676 2589 graviora
698 2516 881 2573 narrationis
904 2516 1055 2586 momenta
1081 2513 1195 2591 signifi-

165 2603 288 2676 cantur,
312 2604 385 2677 quin
409 2601 508 2677 etiarn,
531 2601 584 2661 ubi
607 2605 632 2661 Z
656 2602 840 2679 adscriptum
864 2605 919 2678 est,
941 2590 979 2662 ne
1003 2602 1195 2662 enuntiatum

86 2756 90 2765 ¹
164 2689 292 2766 ’quidem
314 2690 429 2766 incipit.

240 2778 330 2839 hiber
358 2782 403 2839 est
430 2780 590 2857 diligenter
621 2784 713 2857 atque
745 2800 781 2839 ex
812 2782 1044 2859 orthographiae
1076 2781 1195 2857 legibus

174 2868 309 2944 scriptus.
347 2868 392 2927 Eo
411 2869 602 2946 potissimum
619 2875 725 2946 peccet
742 2870 883 2929 librarius
902 2871 982 2946 quod
1000 2888 1088 2946 saepe
1105 2870 1194 2929 binas

174 2960 370 3018 consonantes
401 2960 488 3034 ponit
519 2977 580 3033 pro.
607 2960 742 3037 singulis.
793 2958 929 3020 Secunde
960 2978 1067 3019 manus
1096 2977 1196 3036 pauca

166 3049 303 3106 :correxit
320 3066 416 3122 neque
439 3066 475 3105 ca
498 3047 632 3107 adhibito
656 3049 733 3108 libro
756 3050 824 3109 0110.
871 3049 974 3108 Veluti
996 3070 1026 3126 p.
1046 3050 1098 3123 24,
1119 3051 1135 3106 l
1160 3050 1194 3105 in

174 3138 331 3195 0111111010
365 3133 538 3213 φθονηθεὶς
569 3135 620 3197 διὰ
651 3136 707 3215 τὴν
736 3134 877 3217 ἀνδρείαν
904 3136 997 3197 αὐτοῦ
1026 3136 1086 3198 ὑπό
1112 3158 1196 3209 τινος

170 3228 370 3304 ’συγκλητικοῦ
386 3221 517 3303 τοῦνομα
534 3226 742 3307 Φενρουαρίου
760 3226 959 3307 παρεσκεύασε
977 3225 1047 3298 τοὺς
1066 3229 1195 3306 συγκλη-

172 3312 273 3385 τικοὺς
305 3311 441 3387 ἐκδιῶξαι
475 3323 528 3393 τῆς
560 3314 672 3387 πόλεως
699 3313 752 3375 τὸν
781 3314 904 3376 Melicos
930 3316 1194 3377 homoeoteleuton

174 3404 280 3477 effecit,
300 3401 595 3481 1110110106νομο
613 3424 708 3480 usque
726 3404 765 3463 ad
784 3403 997 3485 συγκλητικοὺς
1015 3403 1194 3465 exciderent

120 3512 123 3517 ·
167 3491 332 3552 6011110101
358 3513 418 3552 non
441 3493 532 3552 verba
560 3496 674 3552 emissa
692 3495 842 3569 restituit,
870 3495 922 3553 sed
943 3497 985 3552 nt
1003 3494 1194 3553 enuntiatum

173 3581 310 3659 intellegi
333 3584 428 3658 possit
451 3581 607 3642 substituit
630 3579 801 3643 ἕκόιώκεται
821 3591 874 3661 τῆς
894 3581 1006 3654 πόλεως
1029 3579 1194 3655 ὁΜάλιος.

1286 3467 1288 3560 l

1286 3563 1287 3628 1
