2617 3909
535 219 724 271 Χεοααοοα
1069 219 1135 283 263

114 363 280 449 Ἀσσυρίων
299 364 346 428 ἐπὶ
365 367 537 448 Σαμάρειαν
554 365 605 428 καί
625 363 771 451 ἀπῴκισεν
789 365 885 446 αὐτὴν
903 367 953 428 διὰ
971 367 1023 441 τὰς
1041 365 1135 450 ἆμαρ-

117 466 183 538 τίας
215 463 314 526 αύτῦν
346 464 397 538 τὰς
429 466 564 546 μεγάλας.
609 463 661 526 καί
689 464 745 547 γὰρ
773 463 915 544 ἐποίησαν
943 466 1000 527 δύο
1025 475 1135 548 χρυσᾶς

118 563 258 642 δαμάλεις
285 561 336 623 καί
362 563 587 643 προσεκύνησαν
614 562 666 625 καὶ
694 563 869 644 ἐλάτρευσαν
895 563 1001 637 αύταῖς
1026 562 1077 625 καί
1098 570 1138 648 τῷ

117 661 200 724 Βάαλ
227 659 277 722 καί
306 661 412 742 διῆγον
439 661 508 734 τοὺς
535 661 621 734 υἱούς
645 660 697 722 καί
718 661 770 735 τὰς
791 660 959 743 θυγατέρας
981 660 1081 724 αὐτῶν
1102 661 1135 723 ἐν

117 757 191 836 πυρί
223 757 273 820 καὶ
304 757 498 837 ἐμαντεύοντο
530 758 580 822 καὶ
612 760 782 832 οἰωνίζοντο
808 759 859 822 καὶ
885 760 1133 842 ἐφαρμακεύοντο.
1161 780 1175 822 ι

118 855 170 918 καὶ
192 855 329 918 ἀπώσατο
352 856 462 936 αύτούς
486 857 589 938 κύριος
612 855 672 918 ἀπὸ
693 857 855 938 προσώπου
878 858 985 938 αὐτοῦ,
1007 857 1058 919 καί
1081 857 1135 938 ούχ

117 953 289 1032 ὑπελείφθη
311 953 391 1032 πλὴν
414 954 495 1034 φυλὴ
516 950 614 1016 Ἰούδα
635 943 800 1035 μονωτύτη,
822 957 875 1017 καί
893 979 927 1038 γε
947 951 1062 1030 Ἰούδας
1078 955 1136 1018 ούκ

117 1051 245 1130 ἐφύλαξε
282 1051 333 1124 τὰς
369 1051 488 1126 ἐντολὰς
520 1053 641 1134 κυρίου,
673 1046 736 1113 ἀλλ’
766 1052 974 1134 ἐσωρεύθησαν
1007 1053 1040 1115 ἐν
1070 1059 1136 1128 ταῖς

118 1147 274 1230 ἁμαρτίαις
299 1143 422 1229 Ἰσραήλ.
467 1149 517 1211 καί
549 1150 658 1212 ἔδωκεν
689 1150 798 1224 αύτούς
829 1151 934 1234 ταύρεος
964 1152 1007 1225 εἰς
1038 1157 1135 1233 χεῖρας

118 1245 310 1328 ἁρπαζόντων
333 1247 456 1328 αύτούς,
483 1246 533 1308 καί
556 1246 774 1334 ἀπῳκίσθησαν
796 1249 838 1322 είς
858 1243 1040 1330 Ἀσσυρίους.
1084 1249 1134 1310 καὶ
1149 1268 1175 1309 ιο

118 1342 265 1406 ἀπέστειλε
288 1345 425 1425 βασιλεὺς
445 1340 608 1428 Ἀσσυρίων
630 1346 710 1426 ἔθνη
731 1344 774 1427 δ’,
795 1347 865 1421 τοῦς
882 1348 1068 1422 Κουδιαίους
1085 1346 1136 1408 καί

117 1443 309 1516 Κουθιαίους
330 1442 381 1504 καί
404 1445 633 1526 Σεφαρουαίους
656 1443 706 1506 καλ
725 1437 951 1526 Ἀναγαυαίους,
973 1444 1024 1506 καί
1041 1468 1136 1530 κυεην

117 1541 269 1620 κίσθησαν
301 1540 334 1603 ἐν
365 1547 430 1614 ταῖς
458 1541 559 1604 πόλεσι
586 1543 771 1624 Σαμαρείας,
786 1553 789 1559 ’
802 1542 853 1604 καί
884 1541 1007 1622 πέμψας
1032 1543 1136 1625 κύριος

118 1632 165 1700 ἐπ’
191 1637 301 1724 αύτούς
323 1637 456 1720 λύοντας,
484 1638 645 1718 ἀνήλισκον
669 1639 785 1713 αὐτούς.
830 1639 881 1702 καί
903 1639 1081 1723 ἀνήγγειλαν
1098 1646 1139 1724 τῷ

117 1737 237 1817 βασιλεῖ
252 1730 414 1819 Ἀσσυρίων
443 1737 499 1798 ὅτι·
523 1736 559 1798 τδι
586 1738 664 1817 ἔθνη
686 1736 707 1798 ἃ
728 1738 871 1812 ἐκάδισας
893 1737 926 1799 ἐν
948 1738 1049 1800 πόλεσι
1071 1743 1134 1800 Σα-
1149 1756 1174 1798 ιε

118 1835 240 1916 μαρείας
267 1832 323 1896 ούκ
349 1834 482 1916 ἔγνωσαν
508 1833 541 1896 τδ
564 1837 654 1917 κρίμα
681 1841 734 1897 τοῦ
758 1842 835 1898 θεοῦ
857 1845 910 1915 τῆς
932 1845 987 1918 γης
1009 1836 1134 1916 ἐκείνης,

118 1931 169 1993 καί
191 1930 357 1993 ἀπέστειλεν
384 1933 427 2005 είς
448 1932 558 2007 αύτούς
580 1932 714 2015 λέοντας,
742 1932 792 1994 καί
819 1931 1039 2013 ὀλοθρεύονται.
1084 1935 1137 1994 καί

119 2047 214 2108 φησιν
232 2028 248 2091 δ
267 2029 416 2110 βασιλεύς·
440 2029 602 2113 ἀπαγάγετε
628 2031 692 2094 ἐκεῖ
709 2054 802 2110 τινας,
824 2028 875 2091 καί
893 2039 1057 2108 φωτιοῦσιν
1080 2030 1137 2091 αύ-’

117 2127 189 2200 τοὺς
211 2127 243 2190 τὸ
265 2128 356 2208 κρίμα
382 2138 436 2189 τοῦ
464 2133 548 2189 θεοῦ.
593 2127 643 2190 καί
671 2126 844 2200 ἀποστείλας
866 2126 919 2188 ἕνα
940 2137 1000 2189 τῶν
1017 2126 1134 2208 γἱερέων,

118 2217 163 2285 ὧν
185 2218 340 2309 ἀπῴκισαν
363 2223 422 2286 ἀπὸ
443 2227 624 2306 Σαμαρείας,
647 2217 687 2305 ἦν
710 2225 845 2304 φωτίζων
867 2223 977 2297 αύτούς
1000 2222 1016 2286 ὁ
1040 2223 1134 2305 ἱερεύς
1148 2245 1174 2284 ω

120 2325 282 2403 φοβεῖσθαι
309 2325 361 2386 τὸν
387 2324 507 2405 κύριον,
534 2323 584 2385 καί
611 2323 778 2402 ἐφοβοῦντο
800 2322 851 2383 τὸν
874 2321 979 2402 κύριον
1001 2321 1052 2383 καὶ
1073 2328 1135 2396 τοῖς

119 2426 204 2494 θεοῖς
231 2421 330 2484 αὐτῶν
358 2421 512 2504 ἐλύτρευον
539 2420 589 2482 καλ
616 2417 792 2504 κατῴκησαν
820 2419 880 2482 ἐκεῖ
902 2417 957 2491 ἕως
983 2428 1037 2497 τῆς
1062 2416 1134 2498 ἡμέ-

118 2543 173 2602 ρας
195 2520 311 2598 ταύτης.
348 2519 562 2594 ἐπανελθόντες
580 2511 636 2580 ούν
660 2519 692 2580 οί
708 2511 849 2593 Ἰουδαῖοι
867 2516 1037 2598 ζηλοτύπως
1054 2510 1134 2598 εἶχον
1148 2530 1185 2570 19¹
1201 2529 1235 2568 Μ

116 2619 194 2700 πρὸς
225 2617 335 2691 αύτούς
367 2617 415 2679 ἀτε
447 2616 634 2694 ἀλλοφύλους
665 2615 716 2678 καί
747 2615 785 2678 οῦ
812 2624 995 2697 συνεγρῶντο
1022 2613 1134 2694 αύτοίς,

191 2821 270 2886 ῦεηη.
289 2815 328 2869 Ν
330 2859 335 2868 .
350 2814 439 2885 Regg.
456 2820 498 2882 17,
510 2820 604 2885 Ιοεφη.
621 2846 654 2855 -
674 2820 779 2884 23-1).
795 2813 927 2882 moes.
937 2813 994 2868 Leo
1008 2811 1131 2867 Gmmm.

113 2886 517 3026 ss2f}.2-⁶fl2}hf‹>⁰}i⁰fft§.in
534 2884 581 2940 ΠΙ.
596 2886 684 2956 Regg.
701 2884 814 2951 Quaest.
828 2890 863 2939 48
883 2884 978 2954 Migne
995 2882 1072 2939 Tom.
1088 2889 1131 2949 80,

189 3141 203 3189 1
223 3134 372 3209 ἀπῴκησεν
390 3134 473 3190 DHP
497 3131 682 3190 ύπόκειοενῦ
705 3133 867 3188 ἀπέκλεισεν
880 3133 906 3186 A
924 3115 1080 3201 ἀπίκλησεν
1099 3132 1131 3185 L.

116 3239 152 3248 -
176 3211 209 3260 10
232 3204 442 3276 ἀποικίσῦησαυ
460 3205 515 3260 ΑΡ.
544 3237 579 3246 -
607 3212 694 3260 1³.14
718 3202 762 3260 ἐπ’
788 3204 891 3267 αὐτοῦς
918 3203 1015 3270 κύριος
1036 3203 1071 3258 Ν.
1096 3234 1131 3244 -

116 3284 151 3332 20
171 3276 204 3333 δν
222 3277 376 3348 ἀποίκησευ
393 3278 419 3331 A
441 3287 497 3333 τῶν
516 3276 726 3347 ἀπωκηούντων
743 3277 836 3347 (ἀποκ.
855 3274 927 3344 ΗΜ)
945 3274 979 3328 N.

189 3461 204 3508 9
223 3463 273 3510 τοῦ
288 3454 386 3523 ίσραύλ
400 3455 429 3509 P.
445 3487 478 3495 -
500 3460 533 3509 14
552 3455 582 3510 ἐν
596 3455 694 3517 αὐτοῖς
706 3454 736 3508 Ρ.
752 3486 786 3495 ·-
804 3451 984 3524 ἀνήγγειλαν]
1000 3447 1084 3508 εἶπαν
1097 3452 1128 3505 P.

116 3559 151 3568 -
172 3532 205 3581 15
225 3525 267 3582 ὅτι
289 3543 340 3582 om.
359 3527 389 3584 P.
413 3557 448 3568 -
472 3533 505 3581 16
525 3524 633 3595 ἐκείνης
650 3543 702 3581 οτι.
721 3525 751 3578 P.
774 3555 811 3566 -
835 3531 867 3579 18
887 3523 1027 3594 ἀπάγεται
1044 3523 1074 3576 P.
1096 3555 1129 3562 -

117 3604 150 3652 19
169 3607 220 3653 τοῦ
238 3602 310 3654 θεοῦ
328 3606 378 3668 τῆς
396 3605 447 3668 γῆς
464 3597 494 3652 Ρ.
576 3645 579 3654 .
