2617 3909
168 153 244 249 344'
484 184 672 236 ιἐιεεειοε
689 183 872 237 Momm

171 350 265 416 μενοι,
288 333 348 395 ἐστι
367 330 399 394 δέ
419 333 465 395 ὅτε
483 330 533 393 καί
551 336 705 413 θεολογεῖν
724 331 778 412 μέν
796 330 1017 415 ἐπιχειροῦντες,
1042 333 1122 395 ὅπου
1141 333 1194 394 καὶ

170 430 190 511 ἡ
219 431 346 511 ἀλήθεια
372 429 531 508 ἀνέφικτος
552 429 603 490 καλ
625 428 642 493 δ
666 430 827 511 στοχασμὸς
850 429 1055 511 ἐπικίνδυνος,
1085 435 1194 506 ζῶντες

170 529 202 593 δέ
229 540 288 591 τῶν
315 529 348 590 ἐν
377 527 511 614 βορβόρῳ
542 527 784 608 κυλινδουμένων
807 530 914 610 χοίρων
937 527 1118 610 ἀτιμότερον.
1168 531 1196 591 εί

170 627 203 689 δὲ
230 629 283 690 καί
307 649 384 700 τινες
411 624 546 708 ἐγένοντο
575 627 746 709 πρακτικοί,
775 627 888 688 τούτων
915 624 1050 708 ἐγένοντο
1074 629 1195 708 χείρους

145 727 273 801 ιδόξαις
295 747 324 785 τε
354 723 404 785 καλ
431 723 564 796 ἐπαίνοις
595 724 665 798 τούς
691 724 805 797 πόνους
832 724 1017 807 πεπραχότες.
1063 724 1194 798 οὐδενὸς

171 823 227 906 γὰρ
254 821 353 903 ἑτέρου
380 822 465 903 χάριν
492 820 512 902 λ)
539 822 706 896 ἐπιδείξεως
733 819 783 882 καλ
812 823 984 900 φιλοδοξίας
1011 821 1194 902 ἐπετήδευον
1283 887 1284 902 χ

73 943 114 984 ιιι
127 942 157 982 ιι.
172 922 204 983 οἱ
225 922 347 982 δείλαιοι
369 918 404 980 τὰ
426 918 519 981 πολλύ
545 920 657 999 μισθὸν
678 918 779 1000 εὐτελῆ
803 918 852 980 καὶ
875 916 990 981 εὐωνον
1012 929 1066 998 τῆς
1089 920 1194 981 τοιαύ
1283 917 1284 920 ’

171 1043 224 1099 της
246 1017 572 1096 ἀντικαταλλαττόμενοι
594 1018 800 1101 ταλαιπωρίας.
837 1015 870 1078 τὸ
893 1016 948 1099 γὰρ
971 1027 1123 1098 σιωπῆσαι
1143 1017 1194 1078 διὰ

171 1117 282 1190 παντὸς
311 1115 385 1178 κατὰ
411 1115 466 1196 τὴν
489 1114 709 1198 Πυθαγορικὴν
732 1116 915 1195 νομοθεσίαν
937 1113 987 1176 καλ
1009 1115 1105 1201 χόρτῳ
1129 1114 1194 1197 τρέ-

133 1237 159 1277 ιο
173 1221 285 1294 φεσθαι
307 1212 358 1275 καὶ
376 1214 490 1296 ῥακίοις
507 1213 646 1294 τριχίνοις
665 1213 861 1286 σκεπάζεσθαι
878 1211 928 1274 καλ
946 1213 979 1274 ἐν
996 1215 1081 1300 πίθῳ
1102 1237 1194 1274 κατα-

171 1318 339 1376 κεκλεῖσθαι
366 1310 416 1373 καλ
444 1312 600 1391 διαβιῶναι
623 1311 770 1391 μηδεμίαν
797 1309 928 1392 ἀμοιβὴν
956 1309 1026 1390 μετὰ
1054 1311 1194 1373 θάνατον

173 1413 342 1493 προσδοκᾶν
365 1410 462 1488 πάσης
484 1407 589 1482 ἀνοίας
611 1406 690 1470 ἐστλν
708 1406 853 1488 ἐπέκεινα,
875 1414 915 1492 τῷ
929 1410 985 1494 βίῳ
1004 1409 1100 1495 τούτῳ
1121 1428 1194 1491 συγ-

174 1509 329 1570 καταλύειν
351 1517 405 1587 τῆς
427 1505 532 1588 ἀρετῆς
554 1505 589 1566 τά
611 1506 736 1568 ἔπαθλα.
771 1501 927 1568 Ἰουδαίων
945 1505 978 1568 δέ
997 1507 1063 1568 ὅσοι
1084 1517 1195 1569 τοῦτον

174 1605 314 1685 ἐτίμησαν
336 1604 388 1666 τὸν
412 1605 479 1684 βίου
502 1602 557 1665 είσλ
583 1601 636 1683 μέν
659 1613 712 1665 τοῦ
732 1597 876 1684 Ἰωναδδιβ
898 1603 1053 1685 ἀπόγονοι,
1077 1606 1195 1678 πάντας

135 1725 161 1766 ιε
174 1701 207 1764 δὲ
229 1703 299 1777 τούς
317 1701 456 1775 ὡσαύτως
473 1704 562 1782 βιοῦν
580 1700 737 1775 ἐθέλοντας
754 1699 942 1782 προσιέμενοι
960 1703 1002 1775 είς
1020 1703 1076 1781 τὴν
1096 1703 1194 1783 αὐτὴν

174 1801 313 1882 ἐνάγουσι
334 1801 493 1881 πολιτείαν,
516 1800 622 1872 οἵτινες
644 1799 678 1861 ἐν
701 1805 827 1878 σκηναῖς
849 1810 1019 1861 κατοικοῦσι
1041 1800 1093 1862 διὰ
1117 1824 1194 1862 παν-

174 1899 240 1979 τός,
263 1900 348 1961 οἴνου
372 1921 400 1960 τε
422 1897 473 1959 καὶ
495 1907 554 1959 τῶν
576 1898 651 1979 πρὸς
673 1896 705 1959 τὸ
728 1895 919 1978 ἁβροδίαιτον
941 1899 1063 1960 πάντων
1086 1897 1194 1980 ἀπεχό-

176 2020 259 2077 μενοι
276 1996 326 2059 καλ
346 1997 462 2058 δίαιταν
479 1995 592 2076 ἔχοντες
610 1996 710 2075 εὐτελῆ
730 1993 780 2056 καὶ
798 1995 853 2076 τὴν
871 1997 970 2077 χρείαν
989 2014 1194 2079 συμμεμετρη-

175 2093 269 2176 μένην
292 2105 345 2157 τοῦ
369 2096 510 2173 σώματος.
555 2091 605 2154 καὶ
628 2093 746 2173 σφόδρα
767 2092 821 2173 μέν
839 2086 895 2155 οὐν
914 2093 1123 2173 ἐπιμελοῦνται
1141 2105 1195 2176 τῆς

135 2215 162 2254 ιο
175 2192 288 2273 ἠθικῆς
315 2192 414 2273 ἕξεως,
441 2192 553 2275 θεωρίῳ
582 2188 613 2252 δὲ
640 2190 676 2250 τὰ
703 2190 797 2252 πολλὰ
824 2190 1055 2272 παραμένουσιν.
1102 2193 1196 2255 ἔνθεν

175 2290 231 2373 γὰρ
254 2289 304 2351 καλ
324 2284 455 2351 Ἐσσαῖοι
478 2294 647 2369 καλοῦνται,
670 2298 756 2350 τοῦτο
780 2289 941 2368 δηλοῦντος
964 2299 1017 2351 τοῦ
1036 2286 1193 2370 ὀνόματος.

176 2387 227 2449 καλ
258 2386 358 2461 ἁπλῶς
389 2387 467 2450 ἐστιν
499 2386 601 2460 αὐτοῖς
631 2386 783 2448 πάντοθεν
818 2387 1059 2470 κατορθούμενος
1091 2387 1108 2451 δ
1142 2400 1196 2470 τῆς

178 2487 357 2565 φιλοσοφίας
380 2485 500 2565 σκοπός,
523 2484 658 2563 οὐδαμοῦ
683 2493 743 2544 τῶν
764 2486 944 2567 πραγμάτων
966 2485 1195 2566 διαμαχομένων

176 2590 216 2668 τῷ
239 2580 440 2665 ἐπαγγέλματα
485 2580 558 2643 ἀλλὰ
584 2583 614 2643 τί
638 2592 698 2643 τῶν
725 2580 850 2664 άγάνωυ
877 2581 984 2662 όφελος
1013 2583 1117 2657 αὐτοῖς
1144 2584 1196 2645 καλ

137 2704 163 2744 ιι
177 2691 230 2761 τῆς
257 2679 402 2742 ἐπιπόνου
429 2679 584 2758 ἀθλήσεως
615 2680 667 2742 τὸν
699 2678 892 2762 ἀγωνοθέτην
919 2681 1048 2762 Χριστὸν
1079 2680 1195 2766 ἀνηρη-

251 2892 265 2940 1
286 2884 314 2942 δ’
330 2884 374 2940 ὅτε
392 2885 470 2940 λῬΙλ.
490 2917 525 2925 -
546 2888 694 2956 θεολογεῖυ
713 2886 763 2956 μὲν
783 2887 895 2958 ἐπιχειρ.
915 2887 1046 2941 BFNPR
1071 2889 1122 2957 μὲν
1142 2905 1194 2943 om.

177 2957 368 3013 AVExe.Ni1.
394 2989 427 2997 -
456 2957 836 3027 ἐπιχειροῦντες-ἀλήθεια
860 2975 909 3013 om.
930 2957 957 3012 G.
986 2990 1020 2999 -
1049 2964 1065 3012 3
1088 2956 1195 3030 χοίρων

178 3028 403 3098 κυλινδουμένων
422 3027 482 3082 ΟΝ.
498 3060 531 3068 -
550 3028 709 3097 ἀτιμότεροι
725 3028 824 3084 RExo.
839 3061 874 3070 —
894 3034 927 3082 10
945 3029 994 3084 καλ
1012 3029 1043 3084 ἐν
1061 3048 1091 3084 π,
1106 3049 1195 3084 κατα-

178 3104 338 3157 κεκλεῖσθαι
352 3117 403 3154 om.
412 3100 449 3153 Μ.
461 3131 494 3140 -
505 3102 666 3154 κεκλεῖσθαι
675 3099 736 3154 DF.
747 3133 780 3142 ·-
793 3106 825 3154 12
835 3104 1051 3169 προσδοκῶντας
1060 3101 1082 3153 F
1090 3101 1148 3155 Nil.
1159 3132 1193 3140 —

180 3178 213 3227 14
227 3181 283 3227 τῶν
297 3171 424 3243 ίωναδύιβ
437 3170 464 3224 Ν
482 3174 520 3244 τῷ
529 3171 589 3226 ίωυ.
605 3170 686 3226 CFV.
701 3204 735 3212 —
750 3172 878 3242 ίωναδύιμ
892 3171 967 3225 BFV
984 3171 1116 3297 {muddess
1125 3172 1195 3226 Exc.

176 3245 224 3300 σεδ
238 3246 256 3316 β
269 3246 301 3298 ἐκ
315 3244 354 3297 lit.
370 3274 403 3282 —
424 3248 456 3296 1⁶
475 3240 636 3312 προϊέμενοι
650 3242 675 3294 D
688 3242 752 3297 etA
768 3261 802 3297 m.
818 3249 834 3297 1
848 3260 915 3298 corr.
931 3275 966 3283 -
983 3243 1077 3298 αὐτῶν
1125 3243 1194 3298 Exc.

178 3348 213 3356 -
233 3320 266 3438 {g
285 3314 326 3438 τχ]
341 3312 518 3436 δὲΟΕᾹΙὲχ-
536 3314 604 3384 τῶν]
618 3313 669 3382 τὴν
683 3314 772 3368 Rom.
788 3313 843 3368 CF.
860 3347 893 3356 -
913 3320 946 3368 18
965 3322 997 3386 τῆ
1012 3311 1193 3389 χρείῳλέΝἰΙ.

179 3417 213 3424 -
285 3403 300 3438 ο
321 3404 337 3437 ν
356 3401 405 3438 om.
498 3426 503 3437 .

251 3561 286 3609 το
307 3557 379 3610 ιιεα
397 3558 419 3610 P
438 3557 519 3626 (ινιτ
538 3558 613 3627 τοι).
