2617 3909
180 225 243 291 158
492 227 681 280 ΓΕΩΡΡΙΟΤ
698 228 882 280 MONAXOT

176 375 226 437 καλ
254 375 309 458 γὰρ
337 377 451 456 πάντα,
479 376 588 455 φησίν,
617 375 653 436 τὰ
674 375 745 457 ἔργα
767 376 874 458 κυρίου
897 374 968 454 μετὰ
990 377 1203 458 δικαιοσύνης,

177 475 358 554 φυλάσσεται
380 471 413 535 δὲ
433 471 451 536 6
469 471 579 554 ἀσεβὴς
596 473 640 546 είς
657 471 771 556 ἡμέραν
789 472 894 552 κακήν.
931 474 964 535 ολ
978 476 1081 536 τοίνυν
1099 496 1201 558 παρα-

175 581 337 651 νομοῦντες
367 570 418 632 καὶ
448 571 736 654 παραπικραίνοντες
767 569 961 650 εὐοδούμενοι
989 572 1132 645 πολλάκις
1160 582 1201 657 τῇ
1301 607 1302 626 ι

177 670 371 753 μακροθυμίᾳ
401 677 455 731 τοῦ
486 674 563 731 θεοῦ
593 666 643 730 καὶ
676 666 771 748 μηδὲν
799 668 959 749 πάσχοντες
986 668 1100 750 δεινόν,
1128 666 1197 730 ἀλλ’

149 767 378 845 ιεύθηνοῦνιες
399 765 450 828 καλ
471 767 570 845 πάσης
592 766 755 849 εὐπραγίας
777 765 828 828 καλ
849 765 1008 850 εὐημερίας
1029 766 1080 828 καὶ
1100 766 1197 849 εὐρω-

76 877 115 916 112
131 876 161 916 M·
176 864 258 937 στίας
282 862 332 925 καί
354 867 520 939 πολυζωλας
542 862 755 945 ἀπολαύοντες,
782 865 876 946 οῦτοι,
904 864 997 944 φασλν
1024 866 1056 927 σί
1075 863 1198 927 ἀνόσιοι

176 960 225 1023 καί
253 960 438 1044 ἀγνώμονες,
469 962 666 1045 εὐαρεστεῖται
693 961 743 1024 καλ
770 963 863 1044 χαίρει
891 961 906 1026 6
934 961 1014 1036 θεός.
1059 961 1110 1024 καὶ
1143 962 1200 1024 διὰ

175 1068 263 1122 τοῦτο
298 1059 468 1139 ποιήσωμεν
498 1058 536 1121 τά
566 1059 643 1120 κακά
678 1065 803 1141 μᾶλλον,
835 1061 885 1122 ἴνα
916 1065 1019 1122 πλεῖον
1049 1060 1125 1144 ἔλθη
1158 1060 1197 1121 τὰ
1302 1047 1303 1108 Ῑ

175 1156 286 1240 ἀγαθά.
322 1150 368 1227 ὧν
389 1158 423 1220 τὸ
444 1159 536 1239 κρίμα
556 1156 676 1220 ἔνδικόν
694 1156 781 1220 ἔστιν.
818 1157 885 1240 περὶ
903 1150 946 1220 ὧν
964 1167 1039 1240 γοῦν
1057 1155 1073 1218 6
1092 1157 1196 1219 Δαυὶδ

136 1277 162 1317 ιο
175 1256 284 1338 ἔλεγεν·
306 1255 340 1318 ἐν
362 1255 467 1328 κόποις
488 1253 662 1338 ἀνθρπαν
689 1252 746 1316 οὐκ
774 1255 832 1317 είσι
854 1254 904 1318 καὶ
927 1254 997 1335 μετὰ
1019 1254 1197 1338 ἀνθρώπων

174 1354 212 1416 οὐ
235 1362 454 1435 μαστιγοῦνται,
476 1351 527 1415 καλ
549 1351 600 1415 διὰ
621 1362 709 1415 τοῦτο
731 1352 890 1435 ἐκράτησεν
910 1352 1020 1427 αὐτοὺς
1042 1349 1062 1432 6
1081 1352 1196 1436 ὑπερη-

175 1453 269 1531 φανία
300 1451 345 1525 εἰς
376 1449 471 1530 τέλος,
501 1449 552 1512 καλ
578 1452 786 1532 περιεβάλοντο
817 1449 938 1512 ἀδικίαν
969 1450 1019 1513 καλ
1045 1449 1197 1532 ἀσέβειαν.
1303 1483 1304 1518 f

173 1548 224 1611 καλ
251 1548 455 1627 διενοήθησαν
481 1546 531 1609 καί
558 1546 704 1628 ἐλάλησαν
727 1547 759 1610 ἐν
782 1549 925 1633 πονηρίᾳ,
951 1547 1070 1610 ἀδικίαν
1092 1548 1136 1621 είς
1159 1547 1195 1610 τὸ
1303 1539 1304 1550 ’

175 1647 257 1723 ὐψος
278 1644 435 1724 ἐλάλησαν·
459 1644 563 1707 ἔθεντο
586 1646 629 1719 εἰς
650 1645 783 1727 οὐρανὸν
805 1645 838 1707 τὸ
859 1645 953 1725 στόμα
970 1646 1079 1726 αὐτῶν,
1102 1643 1194 1724 καὶὴ
1303 1721 1304 1736 ρ

134 1764 159 1805 ιι
173 1749 291 1825 γλῶσσα
317 1743 416 1806 αὐτῶν
443 1744 569 1823 διῆλθεν
595 1741 644 1805 ἐπλ
671 1751 724 1824 τῆς
751 1753 807 1826 γῆς
833 1743 884 1806 καλ
905 1739 1005 1806 εἶπαν·
1028 1754 1092 1818 πῶς
1115 1743 1195 1825 ἔγνω

174 1839 190 1902 6
217 1840 304 1918 θεός;
334 1840 386 1902 καί
416 1841 446 1903 εί
474 1841 534 1904 ἔστι
560 1849 670 1923 γνῶσις
697 1841 730 1904 ἐν
757 1847 796 1926 τῷ
820 1839 953 1928 δψίστηις
981 1839 1035 1915 οὐς
1062 1840 1113 1903 διὰ
1139 1840 1193 1913 τὰς

173 1939 343 2019 δολιάτητας
374 1938 475 2001 αὐτῶν
501 1938 518 2002 6
547 1940 620 2014 θεὸς
651 1939 738 2002 ἔθετο
770 1939 812 2013 εἰς
843 1939 919 2002 κακά
951 1938 1001 2002 καλ
1031 1937 1193 2019 κατέβαλεν
1304 1967 1305 2022 j

172 2036 283 2111 αὐτοὺς
304 2035 338 2099 ἐν
364 2044 404 2123 τῷ
425 2037 611 2120 ἐπαρθῆναι,
638 2036 689 2100 καλ
716 2036 850 2120 ἐγένοντο
873 2039 917 2112 είς
938 2038 1099 2121 ἐρήμωσιν·
1124 2037 1191 2112 ἐξά·
1304 2041 1305 2124 ,

171 2157 245 2197 πινα
276 2133 429 2198 ἀπώλοντο
456 2135 508 2198 διά
538 2135 591 2210 τὰς
620 2134 748 2216 ἀνομίας
778 2134 887 2197 αὐτῶν.
932 2136 1007 2198 ὅθεν
1033 2130 1102 2197 εἶπα
1129 2141 1194 2209 τοῖς

132 2254 159 2294 ιο
172 2243 408 2316 παρανομοῦσιν·
446 2233 488 2313 μὴ
523 2239 734 2317 ταιρανομεῖτε,
772 2231 827 2294 καλ
857 2237 919 2306 τοῖς
955 2230 1191 2315 ἁμαρτάνουσιν·

172 2331 213 2411 μὴ
239 2329 355 2409 ὑψοῦτε
382 2329 470 2413 πέρας
495 2329 546 2392 καί
569 2331 610 2411 με)
637 2336 746 2393 λαλεῖτε
773 2329 848 2392 κατὰ
874 2338 928 2391 τοῦ
955 2335 1031 2392 θεοῦ
1058 2328 1192 2412 ἀδικίαν,

171 2429 216 2490 ὅτι
239 2426 256 2490 6
283 2428 355 2502 θεὸς
380 2426 482 2510 κριτής
509 2427 595 2491 ἐστιν.
641 2430 704 2491 καί·
728 2427 770 2510 μη
797 2427 968 2510 παραζηλον
995 2427 1029 2492 ἐν
1056 2434 1095 2513 τῷ
1119 2451 1191 2489 κατ-

243 2589 356 2645 1P10v.
376 2595 463 2657 16‚4.
483 2621 518 2633 -
537 2596 552 2644 ι
571 2590 652 2646 Rom.
672 2596 702 2658 ι,
721 2595 746 2645 ε.
767 2621 801 2632 -
821 2595 927 2645 ιο-ιο
946 2590 1049 2646 Ριαω.
1069 2595 1103 2644 τι
1123 2593 1191 2662 (τε),

171 2667 253 2730 5ης.
271 2691 307 2702 -
327 2666 360 2715 19
378 2660 481 2717 Palm.
497 2667 531 2715 τι
546 2664 610 2733 (τι),
626 2668 702 2733 της.
723 2693 756 2704 -
776 2668 810 2716 ιι
829 2661 931 2716 Ραιω.
947 2667 981 2717 ει
997 2664 1062 2733 (ετ),
1077 2667 1101 2717 τ.

242 2781 257 2829 2
277 2777 325 2831 καλ
342 2779 407 2868 γολ.
423 2776 495 2833 6616
513 2777 684 2847 φυλάσσεται
698 2780 759 2848 (om.
774 2778 817 2847 δὲ)
831 2776 888 2832 BC.
902 2808 939 2819 -
957 2777 988 2833 ἐν
1006 2777 1095 2854 ἡμέρα
1113 2787 1190 2851 κακῇ

169 2846 226 2902 BC.
242 2878 275 2886 —
291 2853 307 2902 6
321 2868 350 2904 οι
363 2849 524 2919 ἀγνώμονες
536 2849 586 2904 καλ
599 2846 711 2905 ἀνόσιοι
720 2848 787 2905 Αὀλ
801 2849 961 2920 ἀγνώμονες
975 2852 1037 2920 (σοι.
1053 2849 1102 2904 καλ
1117 2849 1189 2904 ἀνό-

170 2922 236 2988 σιοι)
250 2919 282 2971 R.
298 2951 332 2960 —
347 2925 362 2973 '1
382 2921 564 2990 εὐαρεστεῖται
577 2919 627 2974 καλ
639 2919 689 2974 PR
705 2920 848 2990 εὐαρεστεῖ
860 2917 941 2990 (wi
954 2920 991 2991 Η)
1004 2939 1034 2975 τε
1048 2920 1097 2976 καὶ
1106 2920 1190 2974 ΑΒΗ

170 2989 297 3057 εὐαρεστλ
314 2990 363 3046 καί
382 2991 410 3046 (λ.
430 3023 465 3032 -
483 2991 560 3059 εὐαρ.
579 2989 596 3044 δ
614 2994 645 3044 θ.
665 2991 713 3046 καλ
731 2987 823 3062 χαίρει
842 2990 904 3045 GR.
924 3023 958 3032 -
978 2989 993 3046 6
1014 3007 1064 3046 om.
1080 2991 1132 3046 FP.
1152 3023 1192 3034 —-

169 3060 462 3188 ἓηηοηησομεηιθΗἾ.
484 3068 559 3200 ῑθξλ,
577 3057 629 3117 οὐν
648 3062 801 3188 BanERRP
816 3063 929 3188 α-Ι-ωιιαλ
952 3061 967 3116 6
988 3066 1048 3188 ρλᾶδ
1065 3061 1190 3188 Εὲῌηαλ

187 3154 206 3188 α
266 3164 322 3188 .—-
414 3151 465 3187 αστ
559 3149 657 3189 σονται
802 3150 815 3188 ε
876 3150 1062 3190 .-ιιαουι
1164 3151 1188 3190 ε.

169 3237 204 3244 -
228 3210 261 3258 12
282 3223 360 3272 περιε
390 3154 413 3223 ’μ
466 3153 623 3259 νάΔΕΘΒ.
649 3235 683 3246 ·-
709 3210 741 3258 13
765 3205 814 3260 καλ
837 3203 974 3273 ἐλάλησαν
997 3222 1048 3261 σοι.
1068 3203 1127 3261 AG.
1151 3236 1188 3245 —

170 3281 203 3328 15
222 3270 303 3330 εἷπον
321 3274 344 3329 G
383 3276 416 3329 R.
441 3306 474 3315 -
501 3281 536 3329 18
554 3274 675 3340 ἐξάπινα
694 3274 820 3342 ἐξέλιπον
837 3279 958 3345 (-λειπον
977 3277 1018 3344 F),
1031 3276 1190 3338 ἀπώλοντο

169 3345 217 3398 FR
225 3345 269 3399 Ρι.
285 3377 319 3385 -
340 3351 373 3400 19
392 3345 441 3400 καί
459 3346 604 3400 ἀπώλοντο
623 3346 708 3401 AGP.
723 3378 759 3387 -
777 3346 828 3416 τὴν
847 3345 968 3416 ἀνομίαν
984 3348 1010 3401 R
1027 3344 1077 3410 τὰς
1095 3346 1189 3417 ἀμαρ-

168 3414 230 3477 τίας
248 3414 306 3469 OG.
325 3447 361 3456 -
382 3422 414 3470 21
435 3412 552 3470 ἀδικίαν
568 3416 643 3472 κατὰ
660 3425 711 3472 τοῦ
729 3421 801 3473 θεοῦ
820 3417 854 3471 N.

240 3535 256 3582 ὀ
276 3526 423 3599 εὐημερίας
441 3549 470 3585 τε
488 3530 537 3584 καλ
553 3529 583 3586 Ρ.
598 3562 632 3572 -
652 3536 669 3586 8
689 3531 737 3589 ἴνα
755 3531 804 3586 καί
822 3534 918 3589 πλεῖον
937 3532 966 3586 Ρ.
983 3562 1016 3577 --
1037 3537 1070 3587 22
1089 3531 1190 3600 κριτής

169 3598 243 3653 ἐστιν
264 3601 312 3654 καλ
330 3608 430 3654 τοῦτον
447 3608 578 3656 ταπεινοῖ
595 3603 643 3656 καλ
661 3611 762 3658 τοῦτον
781 3603 854 3666 ῦψολ
870 3602 892 3656 Ρ
911 3620 944 3660 εκ
963 3602 1072 3672 Ρεελιιι,
1084 3604 1101 3656 λ.
1117 3603 1134 3658 l.
