2617 3909
529 261 718 313 XPONIKON
1065 255 1128 319 127

113 410 149 472 τὸ
173 411 260 492 ύγιον
278 407 347 491 ύρος
364 408 415 471 καί
432 408 484 470 τὸν
499 403 713 488 Ἀντιλίβανον,
733 400 796 468 εἷπε
814 407 916 487 κύριος
933 405 1008 486 πρὸς
1025 398 1129 465 αύτόν*

115 508 291 571 ίκανούσθω
321 525 376 569 σοι.
422 507 477 589 ὅρα
504 506 546 586 μή
572 502 741 590 προσέλθῃς
769 527 819 583 μοι
846 503 886 566 ἔτι
914 508 1037 583 λαλῆσαι
1063 499 1130 582 περὶ
1213 541 1216 548 ·

116 607 237 686 τούτου,
259 604 333 666 ἀλλὰ
354 604 490 686 ἀνάβηθι
512 603 561 665 ἒττί
582 602 637 682 τήν
663 601 804 685 κορυφήν
826 611 878 663 τού
902 600 990 682 ὄρους
1012 598 1063 662 καί
1086 600 1130 660 ίδε

116 703 194 766 κατὰ
214 704 369 764 θάλασσαν
391 703 442 765 καί
459 705 572 785 βορρᾶν
593 700 644 763 καί
663 702 731 782 λίβα
752 699 803 762 καί
820 699 964 772 ἀνατολὰς
984 698 1039 779 τήν
1056 696 1130 779 ιἰγα-

114 801 181 881 θήν
203 811 272 883 γῆν,
295 802 339 863 ὅτι
361 807 422 876 τοῖς
445 798 615 880 ὀφθαλμοῖς
637 816 693 861 σου
717 796 787 878 ύψει
809 797 909 878 αὐτὴν
925 797 975 859 καί
993 797 1057 858 ἐκεῖ
1073 794 1130 857 ούκ
1156 819 1170 862 ι

115 900 274 983 είσελεύση.
318 897 369 960 καί
391 900 510 981 γράψας
532 897 565 959 ἐκ
586 897 808 980 προστάγματος
835 897 941 978 κυρίου
963 895 1019 974 τήν
1042 893 1129 975 μεγά-

116 1003 174 1076 λην
195 990 276 1080 ᾠδὴν
297 995 348 1058 καί
375 997 528 1076 διαθήκην
555 994 606 1057 καί
633 994 748 1068 ἐπιθείς
774 994 825 1068 τὰς
847 1001 944 1076 χεῖρας
966 993 1058 1056 αύτού
1081 989 1132 1054 ἐπί

112 1090 232 1174 Ἰησοῦν
254 1103 307 1156 τοῦ
330 1093 422 1174 Ναυή
449 1094 493 1167 είς
518 1092 552 1154 τὸ
575 1091 770 1167 διαδέξασθαι
796 1091 888 1154 αύτδν
910 1090 1003 1172 ἀνέβη
1025 1089 1130 1152 λοιπὸν

116 1193 159 1265 εἰς
185 1191 218 1253 τὸ
246 1189 315 1273 ὄρος
341 1191 374 1253 τὸ
397 1192 517 1274 Βαρήμ,
545 1191 563 1252 ὅ
589 1190 649 1252 ἐστι
676 1192 795 1270 Ναβαύ.
841 1189 891 1252 καί
918 1189 1026 1263 ἔδειξεν
1054 1187 1133 1271 αύτῷ

115 1291 220 1372 κύριος
241 1299 341 1350 πᾶσαν
364 1289 419 1368 τήν
440 1299 499 1370 γήν
521 1298 574 1369 τῆς
596 1288 767 1370 ἐπαγγελίας
785 1286 835 1349 καί
852 1282 915 1349 εἶπε
933 1286 1007 1369 πρὸς
1025 1285 1128 1348 αὐτόν·
1144 1309 1171 1350 ιο

116 1387 193 1466 αύτη
215 1385 235 1466 ἡ
253 1396 303 1469 γη,
325 1385 365 1467 ἣν
387 1386 490 1467 ὤμοσα
504 1379 637 1468 Ἀβραὰμ
654 1385 705 1447 καί
720 1379 818 1446 Ἰσαὰκ
835 1384 885 1446 καί
900 1379 1005 1464 Ἰακὼβ
1023 1381 1129 1464 λέγειν·

115 1491 158 1570 τῷ
180 1483 324 1567 σπέρματί
344 1502 400 1548 σου
423 1485 509 1546 δύσω
531 1483 637 1565 αύτήν,
665 1483 760 1558 ἔδειξα
781 1489 843 1558 τοῖς
871 1481 1042 1562 ὀφθαλμοῖς
1064 1498 1130 1562 σου,

115 1581 167 1644 καί
190 1582 254 1644 ἐκεῖ
271 1581 327 1644 ούκ
348 1583 505 1666 είσελεύση.
550 1582 599 1644 καί
627 1582 810 1662 ἐτελεύτησεν
838 1582 901 1644 ἐκεῖ
918 1586 1057 1660 Μωύσής
1079 1580 1131 1643 διδι

116 1681 247 1762 ῥήματος
269 1682 377 1763 κυρίου
404 1679 493 1759 ζήσας
520 1680 571 1760 ἔτη
597 1678 655 1762 ρκ’.
700 1679 750 1742 καί
772 1679 879 1758 θάψας
906 1679 998 1741 αύτδν
1021 1678 1037 1741 ύ
1059 1678 1130 1752 λαὸς

115 1778 168 1840 καί
189 1779 319 1852 κλαύσας
341 1776 452 1860 ήμίρας
475 1775 520 1860 μ’,
543 1777 641 1851 ούδείς
664 1773 725 1840 οἶδε
743 1778 798 1858 τήν
816 1777 917 1858 ταφήν
939 1777 1040 1839 αὐτοῦ.
1079 1776 1129 1839 καὶ
1143 1797 1173 1838 τε

118 1875 176 1938 ούκ
197 1874 305 1956 ἀνέστη
327 1876 369 1938 ἔτι
391 1876 549 1958 προφήτης
571 1876 604 1938 ἐν
623 1872 740 1958 Ἰσραήλ
762 1873 803 1948 ὡς
824 1880 973 1956 Μυύσής,
996 1872 1032 1936 ὃν
1054 1875 1130 1956 ἔγνω

116 1975 220 2056 κύριος
243 1973 334 2036 αύτδν
356 1972 517 2056 πρύσοοπον
538 1974 612 2035 κατὰ
634 1973 794 2056 πρόσωπον
817 1973 850 2035 ἐν
871 1983 943 2035 πᾶσι
965 1971 1062 2054 τέρασι
1080 1971 1131 2034 καί

117 2073 258 2152 σημείοις.
304 2067 374 2151 μεθ’
399 2068 436 2132 δν
458 2070 558 2144 ούδείς
579 2070 653 2154 ὑπὲρ
677 2071 712 2132 τὰ
734 2067 784 2152 ρκ’
806 2070 856 2149 ἔτη
879 2070 987 2150 ἔζησεν.

185 2167 246 2230 Καί
273 2175 313 2254 τῷ
338 2167 392 2249 μὲν
420 2165 454 2248 μ’
476 2168 531 2230 ἔτει
558 2179 611 2249 τῆς
637 2167 742 2243 ἐξόδου
771 2177 830 2230 τῶν
856 2169 932 2228 υἱῶν
956 2161 1072 2248 Ἰσραήλ
1093 2175 1129 2252 τή

116 2268 282 2352 νουμηνίᾳ,
309 2266 403 2347 φησίν
420 2262 579 2348 ἷΙύσηπος,
605 2275 659 2328 τού
686 2266 804 2349 πρώτου
832 2265 926 2345 μηνὸς
948 2263 1048 2327 Νισὰν
1070 2263 1129 2326 ἐτε-
1143 2283 1176 2324 τοι

117 2366 238 2444 λεύτησε
261 2367 370 2447 Μαρία
391 2364 442 2426 καί
464 2364 560 2444 ἐτάφη
578 2364 610 2426 ἐν
623 2360 684 2446 Ὢρ
707 2370 746 2448 τῷ
766 2361 837 2446 ὄρει,
859 2361 909 2424 καί
927 2371 962 2447 τῇ
981 2363 1131 2446 νουμηνίᾳ

118 2472 172 2525 τού
194 2462 328 2543 πέμπτου
351 2463 446 2543 μηνὸς
459 2459 518 2543 ’Ὰβ
536 2471 589 2524 τού
607 2462 700 2524 αύτού
718 2461 802 2535 ἔτους
819 2460 1002 2540 ἐτελεύτησεν
1016 2454 1131 2542 Ἀαρὼν

116 2560 168 2623 καί
194 2559 290 2640 ἐτάφη
318 2560 351 2622 ἕν
367 2557 428 2643 Ὢρ
455 2568 495 2646 τῷ
519 2559 594 2643 ὄρει,
616 2559 668 2622 καί
693 2569 729 2646 τῇ
752 2560 903 2644 νουμηνίᾳ
925 2566 978 2620 τού
1001 2558 1129 2620 δωδεκά-

116 2682 171 2721 του
199 2660 294 2738 μηνδς
313 2657 407 2742 ’Ἄδαρ
434 2668 487 2721 τοῦ
515 2658 608 2720 αὐτοῦ
635 2657 720 2732 ἔτους
747 2656 909 2736 ἐτελεύτησε
932 2660 1071 2737 Μωύσής
1097 2656 1131 2719 ἐν

190 2817 277 2866 8-18
296 2811 377 2867 Dent.
397 2817 441 2880 ιι,
456 2819 536 2882 ειη.
552 2845 585 2853 -
601 2817 635 2866 19
654 2810 925 2882 Joseph.Arch.1v‚
941 2817 986 2878 τη
1006 2816 1054 2877 843
1069 2773 1146 2865 ουτ.ι

191 2934 205 2981 1
224 2927 256 2981 τὸ
271 2924 452 2999 ἀντιλίβανον
465 2927 521 2982 PR.
537 2960 570 2968 -
589 2928 639 2982 καί
651 2923 712 2983 εἷπε
730 2927 789 2982 RV.
807 2959 841 2968 -
856 2932 872 2980 3
887 2923 947 2980 ἀλλ’
963 2925 1079 2980 DGPR.
1096 2957 1129 2966 -

117 3004 134 3053 8
152 2999 216 3070 τοῦ]
235 2998 284 3053 τὸν
297 2998 344 3053 AO
362 2998 412 3053 τὸν
428 3006 478 3052 τοῦ
493 2997 554 3053 GR.
570 3031 603 3039 -
623 2998 696 3068 ναυή
710 2997 782 3052 MW
801 2997 906 3054 ναυίΑ
925 2999 998 3069 ναβή
1014 2995 1039 3061 G
1056 3004 1129 3064 ναυή

116 3070 178 3124 rell.
194 3101 228 3110 -
247 3075 263 3123 9
278 3067 344 3138 ὅρος
355 3069 387 3123 τὸ
402 3066 489 3141 βαρίμ
501 3069 601 3124 AGLV
615 3068 680 3137 ὄρος
692 3070 724 3124 τὸ
739 3067 859 3142 ἀβαρείμ
871 3068 897 3122 R
914 3067 979 3138 ύρος
992 3063 1092 3170 βαρρίμ
1106 3065 1133 3121 Gr

118 3176 184 3245 ὄρος
198 3173 321 3248 βαραρίμ
333 3177 365 3233 Β,
376 3207 410 3216 -
425 3175 482 3230 ἐστι
495 3174 618 3248 ναβαύῦ
637 3177 712 3232 ἐστιν
726 3177 800 3248 ἀβαύ
810 3175 919 3228 AHLM
933 3175 1007 3230 ἐστίν
1020 3181 1083 3228 a-va
1097 3173 1129 3228 G.

117 3279 152 3288 —
172 3253 207 3300 13
225 3254 335 3317 μούσής
359 3247 417 3302 ἐκεῖ
432 3247 533 3302 ΒΗΜ.-
552 3279 585 3287 -
611 3252 643 3300 17
667 3246 754 3338 κατὰή
773 3247 844 3313 πρὸς
861 3244 916 3301 PG.
936 3277 970 3286 -
994 3251 1027 3300 18
1046 3242 1130 3313 ρν’Β

117 3317 219 3373 ἑκατὸν
238 3317 310 3373 ύκτῶ
328 3319 358 3372 Ε.
378 3350 412 3358 -
436 3323 470 3372 20
488 3319 632 3388 ίώσηιτιτος
650 3317 705 3372 GR
727 3319 864 3378 ίωσιτιπος
881 3315 971 3370 AHM.
991 3348 1024 3356 -
1048 3323 1131 3372 νιοᾶν

116 3388 189 3443 FLG
211 3389 311 3444 νισσδιν
333 3390 359 3443 R
385 3389 475 3460 νησδιν
498 3389 558 3444 DM
584 3396 610 3445 et
633 3391 674 3444 sic
695 3391 751 3457 fere
769 3389 900 3458 deinceps.
921 3419 954 3427 —
978 3392 1011 3441 21
1031 3388 1079 3442 καί
1096 3395 1130 3458 τῇ

117 3466 193 3514 -23
212 3460 243 3515 ἐν
262 3458 300 3529 δερ
324 3465 362 3534 τῷ
376 3459 436 3529 ὄρει
453 3478 503 3517 om.
523 3460 579 3518 OF.
603 3492 637 3501 -
661 3465 694 3514 22
714 3457 751 3532 διβ
768 3466 818 3513 τοῦ
836 3459 884 3513 ΑΒ
908 3458 946 3530 ύβ
967 3460 1036 3528 (κύει
1053 3459 1131 3528 spir.)

115 3539 168 3599 τού
186 3531 246 3586 DM
268 3533 356 3588 αύτού
374 3532 396 3585 L
413 3533 461 3588 sed
479 3532 515 3587 αύ
533 3549 601 3588 erm.

191 3645 205 3692 1
226 3637 292 3707 ὅρος
309 3635 418 3695 ἐκείνοι
436 3639 466 3695 Ρ.
