2617 3909
172 227 237 292 306
488 228 675 280 Γωαεντον
693 229 877 280 mmor

172 376 376 460 ἀποκριθῆναι
403 375 453 437 καὶ
480 385 533 437 τοῦ
561 376 756 455 οἰκοδομῆσαι
773 371 966 460 Ἱερουσαλῆμ
993 377 1050 451 ἕως
1072 388 1193 461 χριστοῦ

173 473 341 558 ἡγουμίνου
360 473 522 554 ἕβδομάδες
540 471 568 546 ζ’
584 473 633 535 καλ
651 469 812 554 ἕβδομάδες
831 472 890 556 ξβ’.
915 475 1071 554 ,ἑξήκοντα
1091 475 1193 538 δὲκαὶ
1290 472 1291 475 “

173 574 228 636 δύο
247 572 408 654 ἕβδομάδες
427 571 499 633 ἐτῶν
518 571 700 653 συνάγουσιν
716 571 767 650 ἔτη
787 569 870 654 υπγ’.
906 572 970 634 ἐπεὶ
992 565 1049 636 οὖν
1069 573 1143 652 μετὰ
1160 575 1193 636 τὸ

173 672 368 750 οἰκοδομῆσαι
380 661 571 751 Ἱερουσαλὴμ
589 665 664 750 υπγ’
677 669 727 748 ἔτη
747 670 885 750 διῆλθον,
903 669 954 732 καί
968 681 1027 732 τῶν
1041 670 1194 753 ἀρχόντων

148 767 368 831 εὲκλειπόντων
387 767 499 850 ἔρχεταί
515 791 558 840 τις
577 765 745 844 ἀλλόφυλος
763 768 910 847 βασιλεύς,
928 764 978 847 ἐφ’
1000 761 1036 830 οὗ
1055 779 1194 849 γεννᾶται

74 879 113 920 22⁵
127 865 189 929 Μδ
213 863 347 946 Χριστός.
374 869 518 948 ’Δαρεῖος
540 873 614 947 γοῦν
638 861 654 925 ὸ
677 865 791 944 Μῆδος
820 863 950 927 ἐκέλευσε
972 866 1027 946 τὴν
1045 860 1194 949 Ἰερουσα-

174 963 233 1043 λῆμ
264 963 503 1044 οἰκοδομηθῆναι
534 969 574 1044 τῷ
608 961 681 1050 ἕκτη)
713 962 786 1043 μηνί
815 972 867 1042 τῆς
894 961 1002 1026 ἑαυτοῦ
1033 965 1194 1045 βασιλείας,

174 1062 279 1148 πρώτῳ
298 1057 330 1122 δὲ
348 1061 403 1123 ἔτει
421 1070 474 1140 τῆς
491 1055 564 1122 καθ’
583 1056 733 1140 Ἕλληνας
752 1058 800 1135 ξς’
818 1058 1008 1139 ὀλυμπιάδος.
1046 1059 1194 1141 ὀλυμπιὰς

174 1158 206 1222 δὲ
229 1155 298 1242 παρ’
318 1155 442 1238 Ἕλλησι
464 1165 593 1221 καλεῖται
611 1158 628 1222 ὀ
646 1158 720 1220 κατά
743 1159 762 1219 δ
766 1155 775 1179 '
793 1158 842 1237 ἔτη
862 1159 1094 1238 συντελοῦμενος
1112 1158 1194 1240 ἀγὼν

136 1281 162 1320 10
176 1257 226 1319 διδι
252 1257 308 1337 τὴν
338 1256 414 1340 κατά
441 1258 604 1340 τετραετίαν
635 1267 695 1318 νῦν
722 1265 776 1318 τοῦ
803 1254 889 1336 ἡλίου
922 1256 1042 1339 δρόμων
1074 1257 1109 1318 ἐκ
1135 1268 1195 1319 τῶν

175 1358 241 1418 κατ’
261 1355 324 1428 ἔτος
343 1352 428 1436 ὡρῶν
447 1350 478 1435 γ’
497 1353 733 1435 συντελουμένην
751 1351 873 1437 ἡμέραν.
896 1349 1039 1442 ’Ἡρώδης
1057 1352 1090 1416 δὲ
1109 1357 1194 1436 βασι-

175 1454 253 1515 λεύει
271 1461 306 1537 τῆ
326 1448 399 1536 ρπς’
418 1449 588 1532 ὀλυμπιάδι,
611 1453 735 1539 τετάρτῳ
756 1453 810 1514 ἔτει
829 1453 945 1531 ταύτης.
987 1450 1047 1514 άπὸ
1066 1445 1124 1515 οὖν
1142 1463 1195 1534 τῆς
1290 1524 1291 1531 ἡ

176 1547 224 1624 ξς’
247 1549 290 1624 είς
312 1549 367 1628 τὴν
390 1545 463 1630 ρπς’
481 1549 612 1631 γίνονται
636 1549 743 1629 μεταξὺ
763 1547 812 1632 ρκ’
830 1548 1023 1630 ὀλυμπιάδων
1041 1549 1093 1630 ἔτη
1111 1548 1193 1633 υπγ’.
1290 1540 1292 1609 Ῠ

176 1648 210 1707 αἱ
234 1648 336 1708 τοίνυν
360 1643 391 1708 ο’
414 1645 574 1727 ἑβδομάδος
601 1649 643 1721 είς
670 1649 722 1711 τὸν
749 1646 798 1708 ἐπὶ
825 1651 957 1730 Χριστοῦ
984 1652 1195 1710 συντελοῦνται
1290 1664 1291 1701 λ

137 1767 162 1808 15
177 1742 284 1825 χρόνον
315 1742 389 1804 κατά
420 1742 489 1818 τοὺς
509 1737 663 1806 Ἰουδαίων
695 1743 851 1826 άρνδμοός.
896 1745 1004 1808 ίκεῖνοι
1035 1745 1093 1827 γὰρ
1120 1747 1195 1807 κατὰ

177 1840 229 1902 τὸν
251 1839 425 1919 σεληνιακὸν
449 1840 561 1923 δρόμον
583 1841 652 1917 τοὺς
678 1842 833 1918 ἐνιαυτοὺς
855 1840 1048 1924 ἀριθμοῦσιν,
1071 1841 1114 1917 ὡς
1135 1844 1196 1906 ἔστι

177 1938 333 2022 πρόχειρον
359 1938 453 2000 εἰπεῖν
480 1937 532 1999 τὸν
560 1948 640 2019 μῆνα
669 1937 788 2022 ἡμερῶν
815 1935 891 2002 εἶναι
918 1937 988 2022 παρ’
1014 1941 1118 2015 αὐτοῖς
1139 1939 1196 2004 κδ’

176 2038 279 2118 ἡμισυ,
303 2035 343 2110 ὡς
366 2046 420 2098 τοῦ
442 2035 495 2116 μὲν
518 2034 643 2116 ἡλιακοῦ
666 2037 778 2100 κόκλου
795 2037 978 2121 ὑπάρχοντος
996 2035 1067 2118 τξε’,
1090 2049 1144 2101 τοῦ
1164 2040 1196 2102 δὲ
1290 2064 1291 2107 λ

177 2141 353 2214 σεληνιακοῦ
384 2132 462 2216 τνδ’,
495 2133 535 2210 όος
566 2134 618 2196 τὸν
649 2132 774 2215 ἡλιακὸν
808 2135 1022 2218 παραλλάσσειν
1057 2136 1196 2200 ἐνιαυτὸν
1290 2134 1292 2205 ᾖ

136 2259 163 2298 20
176 2231 286 2316 ἡμέρας
314 2230 358 2294 ια’
390 2234 442 2296 τὸν
470 2232 644 2311 σεληνιακὸν
680 2232 825 2295 ἐνιαυτόν.
871 2233 945 2295 ὅθεν
968 2229 1114 2313 Ἕλληνες
1145 2234 1198 2296 καὶ
1290 2216 1291 2273 Ῐ

174 2326 314 2394 Ἰουδαῖοι
332 2341 429 2412 μῆνας
447 2328 478 2413 γ’
495 2329 704 2411 ἕμβολιμαίους
722 2330 815 2392 ἔτεσιν
834 2329 909 2392 ὀκτὼ
927 2333 1196 2413 παρεμβάλλουσιν.
1290 2386 1291 2407 ,

177 2430 204 2491 εἰ
225 2431 328 2492 τοίνυν
351 2431 444 2508 ζητεῖς
466 2428 499 2490 τὸ
522 2429 617 2490 αἴτιον
635 2437 688 2508 τῆς
706 2432 838 2508 Χριστοῦ
856 2430 1031 2510 παρουσίας,
1053 2428 1196 2492 άκουσον.

178 2527 248 2607 μετά
270 2525 325 2608 γάρ
348 2526 403 2605 τὴν
426 2525 459 2587 ἐκ
488 2526 669 2608 παραδείσου
697 2524 868 2588 ἀπόπτωσιν
895 2526 970 2608 ἔγνω
990 2522 1084 2607 Ἀδδιμ
1107 2527 1197 2589 Εὔαν
1290 2530 1291 2547 ἦ

157 2623 232 2711 ιτῆν
255 2629 381 2705 γυναῖκα
405 2623 507 2704 αὐτοῦ,
530 2621 580 2684 καλ
603 2623 733 2704 δεύτεροι
755 2623 892 2705 γεγόνασι
914 2625 1047 2705 διάδοχοι
1068 2635 1123 2705 τῆς
1141 2625 1197 2687 άν-
1290 2664 1291 2669 1

251 2809 355 2871 22-μ.
371 2807 431 2868 308,
447 2809 462 2856 3
481 2803 620 2873 Εκοετρλο
635 2821 651 2859 ο
665 2803 759 2873 cyrill.
770 2804 830 2871 ΧΠ,
840 2810 909 2858 5-8
928 2804 1027 2875 Migne
1041 2810 1093 2858 729
1104 2805 1126 2859 C
1139 2823 1197 2876 sqq.

251 2968 266 3016 ὅ
287 2961 455 3017 ἐκλιπόντων
473 2962 550 3018 BFV
570 2962 723 3018 λειπόντων
737 2964 805 3018 ΗΜ.
826 2995 860 3004 ——
880 2969 894 3016 7
914 2965 1068 3088 WUVl‘vst
1086 2965 1109 3018 L
1128 2972 1197 3020 m.1

179 3037 210 3088 ι’νι
228 3051 280 3104 κιρ.
300 3033 452 3089 §mamm
472 3035 532 3104 (μὲν
552 3035 605 3089 ὀτει
625 3035 706 3103 Cyn).
726 3067 759 3076 -
779 3037 866 3090 αὐτοῦ
885 3035 983 3090 BGFL
1012 3078 1017 3089 .
1037 3067 1072 3076 -
1092 3041 1127 3090 10
1145 3037 1198 3092 τὸν

179 3103 326 3174 -δρόμον
341 3089 420 3160 codd.
432 3113 542 3175 praeter
555 3105 577 3158 Β
592 3113 617 3161 et
631 3106 707 3160 Suid.
722 3125 745 3163 ν.
761 3106 904 3177 ὀλυμπιάς.
920 3139 954 3146 -
974 3113 1006 3160 17
1027 3102 1101 3162 εἶναι
1121 3106 1195 3176 παρ’

180 3178 276 3240 αὐτοῖς
289 3175 399 3246 ἡμερῶν
414 3177 493 3231 codd.
504 3183 616 3246 praeter
626 3177 675 3230 ΑΡ
688 3185 713 3233 et
727 3177 803 3232 Suid.
818 3196 842 3234 υ.
859 3175 993 3239 ἐνιαυτός,
1010 3209 1042 3218 -
1060 3184 1093 3231 18
1108 3177 1198 3248 ἥμισυ

181 3248 262 3303 υνκΑ
275 3254 300 3302 et
309 3247 412 3303 Suidae
428 3248 507 3303 codd.
517 3247 652 3318 plerique.
663 3281 697 3289 -
710 3255 742 3302 19
758 3250 887 3304 ἐνιαυτὸν
901 3248 1108 3316 παραλλάσσειν
1116 3250 1151 3304 Ν.
1161 3283 1199 3291 -

181 3325 215 3371 20
230 3318 333 3387 ἡμέρας
344 3351 375 3358 -
388 3317 518 3374 ἐνιαυτόν
532 3335 582 3374 ονε,
594 3319 622 3373 O.
638 3351 672 3360 —
686 3320 736 3374 τὸν
750 3321 915 3389 σεληνιακὸν
930 3318 1059 3374 ἐνιαυτόν
1073 3338 1124 3375 om.
1137 3321 1198 3375 FN.

181 3420 216 3428 -
234 3389 284 3446 τὸν
303 3390 333 3443 δὲ
353 3389 517 3459 σεληνιακὸν
536 3388 666 3443 ἐνιαυτόν
681 3390 705 3443 V
722 3400 772 3445 τοῦ
787 3394 953 3459 σεληνιακοῦ
970 3391 1101 3446 ἐνιαυτοῦ
1116 3392 1198 3447 Suid.

183 3489 216 3497 -—
231 3464 264 3512 21
279 3460 505 3581 παρορβάλλουσιν
519 3457 713 3512 BOHLMRV
726 3461 994 3533 παραλαμβάνουσιν
1003 3461 1036 3514 D.
1046 3493 1082 3502 -
1096 3469 1131 3515 22
1145 3464 1199 3519 τὸν

183 3527 274 3582 αἴτιον
292 3529 341 3584 ΒΟ
378 3529 463 3582 LMV.
484 3561 517 3569 -
537 3535 570 3580 23
590 3526 659 3584 εόαν
678 3530 730 3583 DP
748 3549 798 3586 om.
813 3533 843 3585 M
861 3540 887 3588 et
902 3548 972 3587 τεοο.
991 3533 1124 3601 quidam,
1143 3534 1199 3588 alii

183 3615 217 3651 m.
234 3605 249 3652 1
268 3602 299 3654 ι’νι
317 3617 368 3669 κιρ.
385 3601 448 3653 αδδ.
