2617 3909
175 206 239 272 308
487 204 675 257 Γαοεοιοε
692 203 875 256 κοωωτοε

174 355 206 417 τὸ
229 355 330 416 κακόν.
376 362 431 415 σοῦ
454 350 559 414 λοιπὸν
585 353 677 412 δεῖται
703 360 756 412 τοῦ
784 352 953 433 διορθωτοῦ
976 349 1026 411 καί
1050 361 1194 431 σωτῆρος.

175 453 341 525 ἐπακούσας
360 444 415 514 ούν
433 460 486 530 τῆς
505 449 631 528 δεήσεως
648 459 708 510 νῦν
726 459 891 531 προφητῶν
909 446 1043 531 δκύριος
1060 454 1194 538 κατῆλθε

175 550 311 629 φάσκων·
332 548 398 610 ι’δού
418 547 537 628 ἔρχομαι
555 547 605 609 καί
619 547 838 625 κατασκηνώσει
856 546 889 608 ἐν
905 545 983 631 μέσῳ
996 545 1091 625 ὑμῶν,
1129 548 1193 607 καί·
1286 566 1287 579 ι

175 648 277 728 ἔσομαι
300 646 420 708 πάντων
442 645 529 726 θεός,
553 644 604 710 καλ
631 643 716 710 αύτολ
743 645 861 707 ἔσονταί
883 668 934 724 μοι
955 645 1035 718 λαός.
1080 643 1194 706 καλοῦ

149 746 216 824 εμὴ
245 745 403 818 διδάξωσιν
430 742 551 816 ἕκαστος
573 743 625 806 τὸν
652 744 778 821 πλησίον
805 743 899 806 αύτοῦ
921 741 973 804 καί
996 741 1119 814 ἕκαστος
1143 743 1195 806 τδν

175 841 305 920 ἀδελφὸν
328 841 428 904 αὐτοῦ.
460 848 559 924 γνῶθι
580 842 632 904 τὸν
655 841 770 922 κύριον,
794 841 839 904 ὅτι
856 841 963 914 πάντες
981 840 1140 918 είδήσουσί
1161 865 1195 920 με

175 939 233 1002 ἀπὸ
257 949 364 1021 μικροῦ
387 939 485 1002 αὐτῶν
507 939 557 1001 καλ
580 938 635 1012 ἕως
658 938 802 1020 μεγάλου,
824 939 869 1002 ότι
891 939 976 1010 λλεως
1002 938 1107 1016 ἔσομαι
1131 944 1195 1011 ταῖς

176 1037 329 1120 ἁμαρτίαις
352 1037 402 1100 καὶ
424 1035 553 1110 ἀδικίαις
575 1037 683 1098 αὐτῶν.

79 1149 164 1189 22741·
243 1130 276 1198 ‘0
304 1134 336 1198 δέ
362 1159 394 1217 γε
418 1129 553 1216 Ἡρώδης
584 1134 666 1215 ἔσχεν
692 1133 779 1206 υίοδς
808 1132 987 1213 ὁμωνύμους
1018 1132 1112 1194 αὐτοῦ
1145 1133 1195 1195 καί

137 1256 162 1296 10
177 1234 347 1313 διωνύμους
370 1238 457 1316 τρεῖς·
477 1227 616 1315 Ἡρώδην
636 1226 777 1293 Ἀντίπαν
799 1232 851 1294 τὸν
873 1229 924 1293 καί
946 1229 998 1291 τὸν
1020 1232 1196 1313 πρόδρομον

176 1331 370 1410 ἀποτεμόντα,
393 1325 443 1408 ἐφ’
469 1321 506 1391 ού
528 1327 579 1390 καλ
602 1329 618 1392 δ
642 1329 744 1411 κύριος
771 1327 960 1409 ἐσταυρώθη·
983 1327 1033 1389 καὶ
1050 1323 1195 1411 Ἡρώδην

179 1430 345 1508 Φίλιππον,
370 1415 394 1512 ᾧ
418 1437 536 1509 πρῶτον
560 1420 707 1508 Ἡρωδιὰς
735 1431 926 1506 συναφθεῐσα
955 1425 1108 1507 θυγατέρα
1130 1433 1194 1488 Σα-
1286 1416 1287 1467 3

177 1506 279 1605 λύμην
307 1526 369 1605 ἔσχε
397 1525 451 1603 τὴν
478 1524 529 1586 καί
555 1522 772 1606 όρχησαμένην·
795 1523 846 1585 καὶ
868 1519 1008 1606 Ἡρώδην
1028 1517 1195 1609 Ἀγρίππαν

177 1622 229 1684 τὸν
260 1621 311 1682 καὶ
335 1616 477 1702 Ἰάκωβον
507 1620 649 1686 ἀνελόντα
679 1631 732 1685 τοῦ
760 1623 931 1703 Ζεβεδαίου.
975 1621 1052 1702 πρὸς
1079 1619 1116 1683 ὃν
1143 1632 1196 1684 τοῦ

140 1744 164 1784 15
180 1719 278 1798 δήμου
302 1718 526 1798 ἐπιφωνοῦντος
548 1720 622 1782 τότε·
647 1721 735 1800 φωνὴ
764 1725 840 1782 θεοῦ
866 1717 916 1780 καὶ
939 1718 996 1783 οῦκ
1017 1717 1196 1800 ἀνθρώπου,

179 1817 266 1896 δίκην
290 1817 399 1878 ἔδωκεν
422 1815 535 1878 αὐτίκα.
572 1817 680 1896 στολὴν
702 1818 758 1900 γάρ
781 1817 811 1890 ἐξ
834 1815 967 1899 ἀργύρου
988 1816 1195 1897 πεποιημένην

177 1913 372 1996 περιθέμενος
403 1912 453 1976 καλ
485 1915 527 1987 εἰς
558 1913 591 1975 τὸ
622 1914 750 1997 θέατρον
781 1913 880 1977 ἐλθὼν
911 1913 962 1977 καὶ
990 1909 1041 1994 ἐφ’
1070 1914 1196 1995 ὑψηλοῦ

178 2013 310 2092 βήματος
331 2013 460 2088 καθίσας
478 2012 663 2094 ἐδημηγόρει.
700 2023 753 2092 τῆς
771 2011 803 2075 δὲ
821 2010 947 2092 ἡλιακῆς
964 2011 1085 2086 ἀκτῖνος
1103 2031 1196 2094 προσ·
1286 2014 1287 2025 ’

177 2111 326 2189 πεσούσης
349 2117 388 2195 τῷ
408 2109 559 2190 ἐνδύματε,
582 2110 631 2171 καὶ
654 2108 818 2192 λαμπηδὼν
835 2119 871 2194 τῇ
895 2109 973 2194 αύγῇ
991 2119 1044 2189 τῆς
1066 2111 1197 2191 ἐσθῆτος
1286 2146 1287 2165 ι

138 2233 164 2274 ιο
179 2207 382 2291 ἀνακραθεῐσα
404 2207 455 2282 τὰς
479 2206 564 2288 ὄψεις
586 2218 645 2270 τῶν
663 2209 862 2290 περιεστώτων
880 2207 1108 2290 κατήστραπτεν.
1145 2209 1197 2270 καλ

178 2305 363 2388 ἀωρηθέντες
391 2304 438 2366 ἐπί
466 2306 559 2390 τούτῳ
587 2305 637 2370 καὶ
664 2305 705 2378 ὡς
731 2306 806 2369 θεὸν
837 2304 930 2370 αὐτὸν
957 2305 1197 2387 εύφημήσνιντες,

250 2465 265 2512 3
286 2459 469 2526 Zach.2,10.
494 2491 529 2500 -
552 2466 569 2513 4
587 2458 642 2514 Jer.
658 2465 692 2514 38
707 2462 772 2530 (31),
791 2465 889 2529 θθεηη,
910 2492 944 2500 -
969 2465 1066 2513 9-14
1084 2461 1122 2526 cf.
1139 2461 1196 2514 Leo

179 2530 300 2584 Gramm.
313 2548 341 2598 p.
357 2536 399 2596 58,
410 2536 435 2584 4.
449 2562 485 2571 -
500 2537 534 2585 14
543 2548 606 2600 -μ,
618 2536 705 2598 30113
719 2531 781 2585 Act.
791 2534 845 2600 Ap.
857 2537 899 2599 12,
910 2537 1006 2600 21εηη.
1029 2532 1065 2597 ef.
1079 2531 1196 2601 Josoph

179 2603 243 2654 Ant.
257 2601 334 2666 XIX,
349 2606 401 2654 344
419 2601 519 2656 Euseb.
534 2600 569 2655 H.
585 2602 650 2657 εοολ.
666 2601 700 2670 Π,
716 2607 748 2658 10
768 2601 888 2670 Synoell.
901 2619 929 2671 p.
946 2607 1007 2670 629,
1023 2608 1065 2656 13.

252 2739 266 2785 7
286 2733 334 2786 καλ
352 2750 402 2788 om.
417 2734 496 2788 codd.
512 2734 588 2804 (λετ.)
601 2741 713 2805 praeter
725 2735 779 2788 ΑΡ.
796 2767 829 2776 -
849 2734 921 2797 ίλεος
934 2735 1019 2789 AFM.
1034 2767 1071 2776 -
1091 2741 1126 2790 10
1144 2737 1196 2790 ἀν·
1286 2708 1287 2715 ¹

179 2803 246 2858 τίπα
265 2804 290 2856 Α
317 2801 490 2871 ἀντίπατρον
512 2806 542 2860 Β.
567 2837 603 2847 -
627 2806 676 2863 τὸν
699 2812 763 2861 ante
778 2804 947 2874 ,πρόδρομον
970 2823 1020 2863 om.
1039 2806 1137 2861 HMV.
1162 2839 1199 2847 -

181 2883 213 2930 12
228 2875 352 2944 ἡρωδιάς
365 2875 447 2931 AOF.
463 2907 496 2916 -
517 2881 550 2929 14
564 2876 701 2932 ἀνελόντα
713 2877 763 2933 τδν
777 2886 827 2932 τοῦ
841 2877 899 2932 BF.
915 2909 949 2919 -
970 2883 1002 2931 15
1018 2885 1101 2947 φωνῇ
1117 2877 1198 2932 ODF
1286 2908 1287 2913 =

180 2947 453 3015 ἀντηγωνίσαντο
473 2945 503 3000 B.
523 2979 558 2988 -
582 2954 615 3002 16
634 2947 825 3018 πεποιημένην
843 2966 894 3005 om.
910 2948 944 3002 N.
964 2981 998 2990 -
1024 2955 1056 3004 19
1076 2951 1197 3003 καίοιεν.

180 3019 201 3071 F
213 3018 290 3072 Suid.
304 3015 469 3086 υἷΗρώδης,
485 3051 519 3059 -
537 3025 569 3072 21
586 3018 756 3088 άωριθέντες
769 3021 840 3089 (ἀορ.
855 3021 896 3074 lit.
910 3037 944 3076 ex
957 3021 1024 3087 άοιρ.
1035 3020 1068 3088 P)
1084 3019 1199 3075 GDHP
1286 3052 1287 3065 ι

181 3087 368 3157 άωριοθέντες
382 3089 406 3142 Α
426 3087 615 3158 αἰωρηθέντες
632 3091 705 3160 (ἑωρ.
720 3091 755 3161 R)
769 3091 821 3144 RV
838 3089 1068 3160 άεωρηθέντεςῖι
1091 3093 1199 3160 αἰωρη-

181 3160 292 3214 θέντων
310 3159 386 3215 suid.
411 3160 578 3228 ὡρισθέντες
595 3163 626 3216 Β.
645 3194 681 3202 -
701 3162 747 3216 ἐπί
764 3171 847 3217 τοῦτο
865 3162 999 3217 AcLMP.
1020 3195 1053 3202 —
1076 3162 1198 3233 εὐφημί-

182 3249 280 3293 σαντες
297 3231 344 3284 AL
368 3230 585 3302 εῦφημείσαντες
602 3233 631 3286 P.

252 3369 266 3416 1
285 3373 334 3418 τοῦ
353 3380 402 3419 om.
417 3365 447 3418 P.
458 3363 519 3432 (lyr.
544 3395 578 3404 -·-
602 3370 617 3416 2
637 3366 687 3418 καλ
705 3365 863 3428 ἐπακούσας
886 3363 937 3420 οῦν
955 3366 986 3420 Ρ.
1010 3398 1044 3406 -
1068 3372 1084 3419 6
1104 3368 1195 3421 αὐτοῦ

181 3431 278 3501 λέγων·
299 3434 489 3502 γνῶθιΡίεε.
506 3465 540 3474 -
559 3432 612 3504 ότι]
632 3436 681 3488 καί
698 3435 728 3488 Ρ.
744 3468 777 3477 -
797 3443 812 3490 8
832 3438 881 3491 καί
893 3446 956 3498 ταῖς
969 3435 1095 3498 ἀδικίαις
1108 3438 1138 3491 Ρ.
1158 3469 1196 3478 -—

183 3507 215 3554 10
234 3502 345 3572 ἡρώδην
363 3505 413 3558 τδν
433 3501 603 3571 ἀντίπατρον
626 3505 676 3560 τὸν
698 3505 747 3558 καί
763 3507 813 3560 τὸν
832 3526 878 3574 πρ.
896 3508 918 3561 Ρ
940 3509 987 3562 sed
1009 3508 1058 3562 τὸν
1083 3515 1109 3563 et
1126 3528 1197 3576 ερον

182 3573 231 3625 τὸν
249 3573 297 3626 καλ
314 3575 364 3628 τδν
383 3577 450 3628 1112
469 3577 500 3627 εἴτε
518 3574 558 3627 lit.
574 3605 607 3614 -
628 3579 661 3628 16
681 3575 783 3630 λδωσεν
801 3577 830 3630 Ρ.
846 3609 879 3618 -
901 3584 933 3631 18
951 3579 1147 3648 προπεσούσης
1161 3579 1198 3633 P.
