2617 3909
513 243 703 294 XPONIKON
1072 241 1115 306 93

101 389 155 466 έτη
169 385 231 469 ρλε’
244 387 293 450 καὶ
307 387 441 451 ἀπέθανε
455 390 544 467 ζήσας
557 389 592 449 τδι
605 390 702 450 πάντα
716 389 765 469 έτη
780 383 833 451 σε’.
865 382 905 470 ήν
919 387 951 452 δὲ
965 389 1015 451 καὶ
1029 383 1115 462 οὗτος

101 485 340 567 ἀγαλματοποιὸς
367 486 426 550 ἀπὸ
454 489 549 549 λίθων
580 487 630 548 καλ
662 488 758 562 ξύλων
787 488 880 561 θεοὺς
906 493 1115 569 πλαστουργῶν

101 583 155 645 καὶ
177 586 360 665 πιπράσκων.
396 585 530 668 περιέστη
555 585 653 664 μέντοι
672 585 688 648 δ
707 584 782 648 αἰὼν
800 586 842 658 εἰς
860 585 996 665 εἰκοστήν
1013 585 1116 667 γενεὰν

102 680 160 754 ἕως
182 683 290 744 τούτου
311 683 384 744 ἐτῶν
402 681 509 764 ,γτλβᾏ
532 682 582 744 καὶ
600 683 699 756 οὐδεὶς
716 685 833 746 πώποτε
853 694 912 746 τῶν
930 683 1116 765 προγενεστέ-
1166 671 1167 676 ¹

104 803 168 859 ρων
190 778 362 860 ἀνθρώπων
386 782 522 859 φαίνεται
544 781 609 854 υίὸς
631 783 689 862 πρὸ
712 783 822 862 πατρὸς
840 782 1020 863 τελευτήσας,
1044 781 1116 843 ἀλλδι
1144 804 1155 843 ι

103 876 226 958 πατέρες
248 879 306 959 πρὸ
328 881 445 941 παίδων
472 879 541 952 τοὺς
568 879 654 952 υίοδς
678 880 834 960 διαδόχους
857 889 916 940 τῶν
938 881 1116 960 πραγμάτων

103 975 205 1037 αὐτῶν
227 978 502 1056 καταλιμπάνοντες.
538 976 588 1038 καὶ
610 977 651 1056 μή
675 1001 718 1050 τις
741 976 843 1059 λεγέτω
866 976 933 1066 περὶ
955 987 1008 1038 τοῦ
1020 973 1117 1058 Ἅβελ,

103 1073 143 1135 οὐ
166 1072 221 1156 γὰρ
245 1074 311 1160 ἰδίη)
329 1077 451 1161 θανάτῳ
469 1074 624 1156 τέθνηκεν,
647 1073 720 1136 ἀλλὰ
738 1077 834 1160 βιαίῳ.
867 1074 944 1148 ἐξότε
963 1073 995 1136 δέ
1016 1076 1117 1155 Θάρρα

104 1170 261 1251 ἀντίζηλον
283 1180 323 1257 τῷ
342 1179 404 1258 θεῷ
418 1174 615 1253 προεστήσατο
637 1173 687 1234 διδι
705 1183 758 1253 τής
775 1173 885 1245 οἰκείας
902 1174 1117 1254 πλαστουργίας

104 1270 319 1350 τεχνησάμενος
350 1271 456 1333 εἴδωλα
487 1271 523 1332 τά
554 1271 642 1350 ὅμοια
670 1265 715 1343 οἷς
741 1271 864 1350 έπραξεν
893 1269 926 1332 ἐκ
952 1280 1005 1350 τής
1032 1271 1118 1348 δίκης
1132 1293 1157 1332 ιο

105 1365 270 1447 ἀπείληφεν
297 1367 348 1429 καὶ
374 1368 463 1442 αὐτὸς
489 1368 713 1449 παραζηλωθελς
739 1367 798 1432 ἀπὸ
826 1378 879 1430 τοῦ
903 1368 982 1430 ἰδίου
1005 1367 1116 1430 τέκνου.

105 1464 240 1527 ἀπέθανε
257 1466 314 1548 γδιρ
333 1465 453 1547 δ’Ἀραν
471 1467 504 1529 έν
522 1470 561 1551 τῷ
576 1466 748 1550 ἐμπυρισμῷ
763 1455 787 1551 ᾧ
801 1466 971 1548 ἐνεπύρισεν
984 1461 1118 1548 Ἀβραάμ

107 1559 242 1643 [καῦσαι]
266 1564 302 1624 τὰ
324 1565 430 1626 εἴδωλα
452 1574 505 1627 τοῦ
523 1564 633 1645 πατρὸς
650 1564 743 1627 αὐτοῦ
761 1565 794 1626 ἐν
811 1571 851 1649 τῷ
870 1565 1014 1626 εἰσελθεῖν
1026 1560 1118 1644 ’Ἀραν
1226 1629 1228 1634 ,

105 1659 257 1736 ἐξελέσθαι
280 1662 363 1724 αι’πά.
409 1662 456 1725 διδ
476 1662 528 1723 καλ
550 1664 732 1741 θαυμάσασα
754 1660 774 1742 ή
797 1665 867 1725 θεία
889 1661 990 1744 γραφή
1013 1661 1118 1740 ἐπεση-

107 1758 222 1838 μήνατο
249 1759 386 1841 λέγουσα·
410 1759 460 1822 καὶ
486 1759 638 1822 ἀπέθανεν
653 1756 747 1841 ’Ἇραν
774 1760 902 1822 ἐνώπιον
932 1760 1033 1841 Θάρρα
1065 1768 1118 1820 τοῦ
1132 1782 1158 1823 ιτ

106 1857 218 1938 πατρὸς
240 1857 342 1919 αὐτοῦ.
386 1856 481 1939 δγδιρ
498 1853 633 1939 (Λβραδιμ
659 1857 799 1939 ὑπάρχων
822 1857 894 1920 ἐτῶν
917 1855 961 1919 ιδ’
983 1857 1033 1919 καλ
1056 1857 1119 1919 τότε

107 1957 291 2035 θεογνωσίας
313 1954 452 2030 ἀξιωθεὶς
474 1954 625 2017 ἐνουθέτει
647 1955 700 2018 τὸν
722 1955 831 2038 πατέρα
854 1955 946 2018 αὐτοῦ
964 1954 1067 2036 λέγων·
1091 1955 1121 2016 τί

106 2057 223 2136 πλανᾷς
250 2053 319 2126 τοὺς
345 2052 528 2134 ἀνθρώπους
555 2053 605 2114 διδ
631 2052 735 2134 κέρδος
762 2052 930 2132 ἐπιζήμιον;
959 2051 1014 2113 οὐκ
1041 2051 1118 2114 ἔστιν

107 2148 195 2222 ἀλλος
222 2150 308 2230 θεός,
335 2151 363 2211 ελ
389 2150 430 2230 μή
455 2149 470 2212 δ
493 2151 526 2212 ἐν
553 2158 614 2224 τοῖς
641 2151 795 2232 οὐρανοῖς,
823 2149 839 2213 δ
867 2150 917 2211 καλ
944 2150 1040 2210 πάντα
1067 2149 1119 2210 τὸν

106 2247 221 2326 κόσμον
255 2249 485 2330 δημιουργήσας.
530 2250 607 2311 ολίτω
643 2247 677 2310 δὲ
713 2247 822 2330 λέγεται
853 2258 905 2328 τής
936 2248 1119 2329 θεογνωσίας
1132 2270 1158 2310 ιο

106 2343 285 2424 ἀξιωθῆναι.
331 2345 410 2427 δρῶν
432 2346 488 2428 γδιρ
506 2347 576 2420 τοὺς
598 2345 780 2428 ἀνθρώπους
798 2347 911 2420 πάντας
928 2349 1119 2425 κτισματολα-

182 2534 360 2589 1-3Μο1ο1,
371 2553 401 2605 p.
412 2540 456 2604 οδ,
466 2542 490 2589 6.
505 2568 540 2576 -
558 2540 645 2589 3-11
661 2535 800 2605 Epiphan.
815 2535 948 2602 Pana-L
959 2533 1122 2604 IQ

107 2605 140 2658 Τ.
156 2606 302 2672 41‚189A.
318 2639 353 2646 —
369 2612 473 2660 12-14
486 2606 615 2661 Eustath.
627 2606 759 2661 Hexassm.
774 2607 870 2676 Migne
885 2607 915 2660 T.
928 2611 969 2674 18,
981 2611 1032 2659 760
1042 2605 1069 2660 C.
1086 2637 1118 2645 -

108 2681 226 2730 14-16
245 2676 383 2747 Epiphan.
399 2680 435 2732 ιδ.
454 2677 522 2733 Gen.
543 2684 589 2743 11,
604 2683 646 2732 28.
668 2710 701 2718 —
722 2683 834 2732 16-20
853 2677 918 2732 Mal.
933 2695 963 2748 p.
981 2683 1024 2746 57,
1040 2685 1118 2746 lsqq.

106 2749 144 2814 cs.
160 2746 271 2802 Cramer
288 2749 393 2802 Anecd.
408 2748 469 2802 Par.
483 2749 510 2802 11
525 2766 553 2818 p.
570 2754 742 2819 240‚12sqq.

183 2913 197 2961 1
217 2901 253 2976 ήυ
271 2907 303 2962 δέ
316 2903 398 2970 οὗτος
411 2908 426 2962 δ
440 2908 537 2976 θάρρα
550 2909 641 2963 FHM.
658 2941 692 2948 —
711 2914 727 2962 8
746 2906 842 2974 ἐξότου
859 2909 897 2978 (ἐξ
914 2905 950 2963 δτ.
966 2909 998 2978 F)
1012 2909 1070 2962 BF.
1085 2939 1120 2948 -

109 2984 144 3033 10
163 2979 366 3048 τεχνασάμενος
384 2979 438 3032 LR.
458 3011 493 3019 —-
512 2986 545 3035 12
564 2980 638 3050 ἄρδιν
656 2979 707 3034 AV
726 2980 781 3047 ἄρα
800 2980 825 3034 Gr
844 2980 916 3048 άρρα
934 2979 957 3032 Β
979 2979 1070 3046 άρρδιν
1089 2979 1118 3030 F.

107 3081 144 3091 -
165 3049 307 3124 ἐμπρισμῷ
322 3049 346 3104 G
365 3051 513 3120 ἐμπρησμῶ
527 3051 553 3104 V
571 3051 719 3120 έμπρυσμῶ
733 3051 771 3104 Μ.
788 3083 823 3091 -
842 3043 913 3124 ἐνῷ
928 3050 952 3105 G
971 3047 1118 3104 δΑΟΗΜ.

108 3153 144 3162 -—
164 3120 179 3174 δ
203 3120 317 3193 άβραδιμ
339 3121 447 3176 OLNV.
471 3151 506 3162 -
532 3128 565 3176 13
588 3131 691 3177 καῦσαι
714 3139 764 3177 om.
786 3121 922 3175 FPEust.
947 3153 980 3161 —
1004 3116 1077 3188 ἀραν
1095 3121 1120 3172 Α

107 3191 184 3261 ἀρὰν
198 3192 224 3245 V
246 3191 346 3260 άραθ
368 3193 483 3260 ἀρραΒ
508 3192 639 3261 &0013ch
662 3195 725 3248 item
747 3211 770 3248 v.
792 3200 832 3247 15.
862 3225 896 3232 -
924 3198 957 3246 14
981 3187 1120 3260 ἐπισημεί-

107 3282 178 3318 νατο
201 3263 259 3316 ΒΡ.
279 3297 314 3304 -
334 3269 367 3317 16
386 3265 507 3319 ἐνώπιον
524 3273 574 3319 τοῦ
592 3265 699 3332 πατρὸς
717 3265 804 3319 αὐτοῦ
822 3268 852 3318 θ.
872 3262 964 3318 ΟΗΜ.
1109 3289 1119 3303 »

5 3437 9 3442 -
182 3411 198 3459 6
217 3414 272 3460 τῶν
290 3405 461 3497 πραγμάτων
479 3408 572 3461 αὐτῶν
590 3424 640 3462 om.
656 3405 789 3476 PEpiph.
808 3437 844 3446 -
867 3409 880 3457 7
900 3401 1121 3474 κατελείμπανον

107 3475 223 3547 POEp.).
242 3509 276 3516 -
297 3483 330 3530 13
348 3479 439 3550 Αραυ]
458 3478 544 3532 αίιτδν
562 3477 584 3530 Ρ
602 3480 663 3548 (ονε.
683 3477 779 3548 Euan).
798 3508 834 3518 -
858 3481 890 3530 18
910 3475 1053 3546 ἐπιζήμιον
1071 3492 1121 3530 om.

106 3547 339 3690 ξαξήῗώιῦθ
362 3550 412 3604 τὸν
434 3547 538 3618 κόσμον
560 3565 611 3604 ονε.
631 3548 653 3601 Ρ
671 3547 698 3617 (ὁ
717 3546 923 3618 δημιουργήσας
942 3547 978 3602 τδι
996 3547 1122 3616 δρώμενα
