2617 3909
532 251 720 303 Χεοαοεοα
1067 251 1130 315 241

119 421 180 478 μου
203 397 297 459 πολλὰ
317 397 350 460 ἐκ
367 397 503 477 νεότητος
521 398 713 479 παρηνόμησε
731 397 781 460 καί
799 397 831 460 ἐν
849 399 933 480 γήρει
951 398 1132 479 μετενόησεν.

118 495 170 557 καί
193 506 251 557 νῦν
275 495 330 577 ἐγὼ
353 495 535 577 πορεύσομαι
557 495 661 569 καθὼς
683 495 829 576 ἐπιθυμεῖ
846 494 866 575 ή
884 496 969 577 ψυχή
992 516 1060 577 μου,
1084 497 1133 559 καί

118 595 244 676 ύστερον
266 592 431 675 ἐπιστρέψω
459 593 533 676 πρὸς
561 594 674 676 κύριον.
719 594 768 655 καὶ
795 594 922 673 ποιήσας
944 595 976 657 νδ
999 594 1133 676 πονηρὸν

118 690 249 754 ἐνώπιον
271 692 387 773 κυρίου,
411 690 628 772 ἐξωλόθρευσεν
650 691 742 754 αὐτὸν
764 691 797 753 ἐν
818 693 904 773 τάχει.
1146 717 1185 757 112
1198 716 1230 755 Μ.

187 789 244 851 Διὸ
268 789 306 868 δή
329 789 434 850 λοιπὸν
457 787 549 864 όντως
572 787 695 869 ἀληθῶς
716 791 822 852 εἰπεῖν·
847 791 977 872 φοβερόν
994 791 1027 853 τὸ
1045 790 1132 871 ἔμπε-
1160 816 1172 856 ε

119 893 184 949 σεῑν
206 887 248 960 είς
270 893 367 969 χεῖρας
389 893 464 949 θεοῦ
488 889 603 961 ζῶντος.
649 889 708 968 τίς,
730 888 786 969 γάρ
810 905 904 967 φησιν
927 886 943 949 δ
965 888 1133 970 προφήτης,

120 985 246 1066 σκληρὸς
268 985 425 1067 γενόμενος
453 984 588 1047 ἐναντίον
610 987 716 1068 κυρίου
742 984 912 1072 ύπόμεινενς
941 987 1015 1048 ὅθεν
1042 985 1132 1070 ἐκβοᾷ

119 1082 219 1144 Λαυὶδ
251 1081 417 1160 σαφέστατα
448 1081 552 1164 λέγων·
582 1083 711 1164 σήμερον
742 1082 795 1144 ἐὰν
826 1094 878 1163 τής
908 1093 1013 1163 φωνής
1040 1083 1133 1145 αὐτοῦ

119 1179 275 1260 ἀκούσητε,
299 1181 339 1260 μή
361 1181 543 1262 σκληρύνητε
561 1179 613 1253 τὰς
631 1182 754 1264 καρδίας
772 1180 857 1261 ὑμῶν
875 1179 916 1253 ὡς
934 1180 966 1243 ἐν
983 1188 1023 1266 τῷ
1038 1203 1133 1262 παρα·

118 1285 279 1362 πικρασμῷ.
326 1279 397 1360 όπερ
421 1278 458 1358 δή
485 1283 580 1352 καλῶς
608 1277 779 1359 ἑρμηνεύων
802 1277 818 1340 δ
841 1277 1003 1352 ἀπόστολός
1026 1296 1131 1357 φησιν’
1147 1305 1174 1345 ιο

119 1375 251 1456 βλέπετε,
279 1374 417 1456 ἀδελφοί,
446 1375 557 1456 μήποτε
585 1375 664 1437 ἔσται
691 1375 724 1437 ἕν
748 1399 807 1437 τινι
834 1374 920 1454 ὑμῶν
943 1376 1051 1457 καρδία
1078 1397 1133 1437 πο-

118 1472 213 1554 νηρδι.
230 1472 365 1546 ἀπιστίας
396 1473 429 1535 ἐν
460 1479 500 1558 τῷ
528 1471 694 1553 ἀποστῆναι
721 1472 781 1534 ἀπὸ
808 1479 885 1535 θεοῦ
912 1475 1033 1553 ζῶντος,
1060 1472 1133 1534 ἀλλὰ

118 1576 311 1652 παρακαλεῖτε
338 1571 462 1646 ἑαυτούς
489 1566 561 1632 καθ’
588 1571 714 1650 ἑκάστην
746 1568 874 1654 ἡμέραν,
906 1570 1004 1654 μέχρις
1035 1569 1074 1632 διν
1099 1571 1132 1632 τὸ

119 1671 249 1750 σήμερον
276 1674 419 1749 καλεῖται,
444 1669 494 1730 ἵνα
521 1669 561 1750 μή
591 1674 766 1754 σκληρυνθῇ
794 1691 838 1742 τις
865 1669 894 1744 ίξ
922 1668 1007 1749 ὑμῶν
1035 1668 1132 1754 όιπότη

119 1777 173 1848 της
196 1766 346 1849 ἁμαρτίας.
634 1791 636 1796 ·
1147 1796 1172 1837 1⁶

276 1869 278 1876 “
441 1852 512 1938 [ιθ’.
545 1855 633 1938 Περὶ
653 1850 811 1937 Ἰωσίου]

188 1981 276 2043 Μετὰ
304 1979 336 2042 δὲ
360 1975 455 2059 Ἀμὼς
487 1980 675 2060 ἐβασίλευσεν
695 1976 807 2053 Ἰωσίας
838 1981 904 2053 υίὸς
935 1980 1028 2042 αύτοῦ
1059 1980 1132 2043 ἐτῶν

119 2079 260 2161 ὑπάρχων
293 2076 368 2140 ὀκτὼ
395 2077 445 2139 καὶ
473 2077 592 2157 ἐποίησε
620 2077 652 2138 τὸ
679 2075 768 2152 εύθλς
795 2077 923 2139 ἐνώπιον
949 2079 1056 2159 κυρίου
1083 2078 1133 2138 καί

119 2177 284 2256 ἐτελεύτησε
306 2175 457 2250 τοξευθεὶς
480 2175 512 2237 ἐν
535 2174 651 2261 πολέμῳ
675 2175 850 2255 βασιλεύσας
873 2174 922 2254 ἔτη
946 2173 1003 2236 λα’.
1042 2174 1132 2258 δγδιρ

119 2274 227 2355 Νεχαὼ
250 2274 388 2355 βασιλεύς
411 2274 567 2355 Αύγύπτου
589 2272 664 2334 κατὰ
686 2283 745 2334 τῶν
760 2268 923 2354 Ἀσσυρίων
946 2274 1131 2355 στρατεύσας,
1146 2296 1173 2336 ευ

118 2372 314 2454 ἐπικουρῆσαι
335 2378 397 2445 τοῖς
416 2367 582 2452 Ἀσσυρίοις
605 2363 691 2443 οὗτος
714 2370 904 2431 ἐσπούδασεν.
941 2371 1015 2432 ὅθεν
1038 2370 1133 2452 φησὶν

111 2470 255 2552 Ἔσδρας·
282 2468 332 2530 καί
358 2464 440 2532 εἶπεν
468 2467 483 2531 δ
511 2468 649 2550 βασιλεύς
672 2468 826 2550 Αύγύπτου
856 2467 930 2550 πρὸς
954 2464 1081 2530 Ἰωσίαν·
1105 2471 1135 2530 τί

192 2637 279 2687 6-15
298 2632 464 2687 Τοοοόοεελ.
484 2633 502 2686 λ.
517 2632 533 2686 λ.
553 2631 649 2700 Migne
669 2636 736 2685 1392
749 2629 776 2684 0.
794 2663 828 2671 —
848 2637 864 2685 5
882 2631 966 2685 Hebr.
983 2636 1025 2700 10,
1040 2637 1082 2686 31.
1098 2663 1131 2671 —

120 2711 136 2760 6
156 2703 230 2757 Hiob
250 2708 280 2771 ο,
298 2709 324 2758 4.
344 2734 377 2744 -
397 2709 412 2758 ε
432 2703 533 2757 Ρεωω.
548 2708 583 2756 οι
598 2704 666 2772 (οε),
681 2706 711 2769 ε,
730 2707 754 2757 ο.
775 2734 808 2742 -
829 2709 861 2757 11
881 2702 1130 2772 Heb1.3,12;13.

120 2807 155 2817 -
175 2781 279 2846 22-γ.
295 2780 356 2843 242,
372 2780 404 2828 12
424 2775 444 2828 1.
459 2773 524 2828 Esd.
541 2780 564 2840 1,
580 2779 614 2827 24
624 2791 679 2844 sqq.

192 2917 426 2984 4ἐξολόθρευσεν
450 2915 592 2971 OHLMP.
617 2948 650 2956 —
676 2922 709 2970 14
732 2919 840 2971 καλεῖτε
862 2916 918 2970 AB.
943 2948 976 2956 —
1002 2921 1034 2970 17
1056 2917 1133 2985 ἁμῶς

120 2987 287 3043 OFHLMP.
303 3021 336 3029 -
357 2993 390 3042 19
410 2989 439 3044 ἐν
457 2991 496 3062 τῷ
509 2983 618 3061 πολέμῳ
637 2987 716 3041 codd.
728 2995 838 3058 praeter
851 2988 906 3040 ΑΡ.
921 3019 956 3028 -
975 2988 1035 3050 ἔτος
1048 2987 1130 3040 ALN.

120 3092 155 3103 -
174 3060 338 3129 τριακοστὸν
352 3069 463 3129 πρῶτον
477 3060 509 3114 A.
525 3091 558 3099 -
578 3065 612 3113 20
626 3067 717 3130 νεχαῶ
726 3057 838 3112 ΑΟΗΜ
857 3059 966 3130 νεχαὼβ
978 3058 1001 3111 Β
1021 3059 1092 3129 ἐχαὼ
1106 3057 1131 3111 D

120 3133 199 3205 ἀχαὼ
219 3132 250 3186 R.
271 3164 304 3172 —
324 3138 357 3185 22
377 3130 392 3185 δ
412 3148 461 3187 om.
477 3130 538 3187 BD.

193 3280 208 3328 6
228 3277 295 3330 Post
312 3279 413 3339 ζῶντος
426 3272 562 3328 PTheod.
582 3273 663 3328 add.-
680 3272 753 3326 κατὰ
765 3270 814 3325 τὸν
829 3269 995 3335 ἀπόστολον,
1013 3271 1061 3324 καί
1079 3291 1132 3339 φο-

120 3346 204 3418 βερὸν
223 3345 254 3400 τὸ
272 3353 463 3414 καταφρονεῖν
486 3351 536 3398 τοῦ
554 3345 677 3399 πλούτου
699 3350 749 3412 της
766 3341 950 3415 χρηστότητος
973 3342 1060 3395 αὐτοῦ
1084 3342 1133 3395 καί

119 3424 171 3485 τής
184 3417 288 3486 ἀνοχῆς
302 3417 350 3471 καί
364 3413 569 3486 μακροθυμίας,
587 3415 656 3469 ἀλλὰ
670 3415 707 3486 μή
720 3421 887 3483 προσκυνεῖν
901 3414 950 3466 καὶ
961 3412 1132 3479 θεραπεύειν

119 3489 152 3544 εύ
172 3487 297 3556 νωμόνος
315 3488 355 3549 είς
372 3488 494 3556 δύναμιν
508 3487 597 3556 (Rom.
613 3492 637 3552 2,
652 3489 688 3556 4).
703 3516 738 3525 —
758 3491 791 3539 10
809 3483 969 3554 ἑρμηνεύων
986 3481 1001 3536 δ
1017 3499 1131 3552 χρηστο-

120 3509 211 3628 φόρος
232 3559 280 3612 καὶ
298 3556 494 3629 παραγγέλλων
515 3557 616 3625 τ’ίριστα
638 3555 724 3611 πόλιν
743 3556 796 3625 ἔφη
815 3555 845 3610 Ρ.
869 3586 904 3595 -
928 3560 961 3607 13
981 3554 1083 3616 αύτούς
1100 3553 1131 3608 Ρ.

120 3661 155 3670 -
177 3635 263 3683 1314
282 3638 444 3701 μεχρισοῦτο
463 3627 581 3699 σήμερον
600 3627 629 3680 Ρ.
650 3659 684 3668 -
702 3633 737 3681 20
755 3634 811 3681 τῶν
830 3644 879 3683 om.
894 3625 925 3678 P.

176 3727 318 3779 Georgius
332 3729 491 3768 Monaohus
505 3729 539 3768 ed.
554 3729 582 3768 de
597 3729 664 3768 Boot.
678 3727 697 3768 1.
940 3720 972 3768 16
