2617 3909
180 225 245 290 318
493 227 680 278 εωοεεεοε
697 227 881 279 Μουεκοε

178 372 281 449 θέντες
303 372 467 454 ἀπώλοντο,
490 372 543 447 οὓς
560 373 611 435 καί
628 373 848 457 ἀριθμήσαντες
866 367 955 458 εύρον
973 377 1046 439 λαὸν
1066 374 1200 458 ἀπειρον.

178 473 258 553 ἔμιξε
280 471 313 534 δέ
334 474 388 534 καί
407 495 498 534 τινων
520 472 619 534 αύτῶν
642 471 713 552 μετὰ
735 483 794 535 τῶν
817 479 936 534 θυσιῶν
953 473 987 535 τὸ
1005 469 1080 553 αἷμα
1097 476 1199 560 τρόπῲ

178 571 313 654 τοιούτῳ·
333 571 365 632 οί
380 575 532 632 Γαλιλαῖοι
549 576 611 644 τοῖς
628 570 774 652 δόγμασιν
792 570 1084 652 ἐξακολουθήσαντες
1097 567 1200 634 Ἰούδα

177 677 231 730 τοῦ
252 667 423 748 Γαλιλαίου,
446 661 484 728 ού
504 666 554 728 καί
572 673 697 742 Λουκᾶς
719 668 751 730 έν
769 675 833 742 ταῖς
851 670 972 751 πράξεσι
990 679 1050 730 τῶν
1069 669 1198 732 ἀποστό-

152 772 238 828 σλων
265 763 423 846 μέμνηται,
451 767 640 844 κενοφωνίαν
667 765 717 828 καλ
744 767 862 847 πλάνην
889 767 1005 847 ἔμαθον
1033 768 1063 842 ἐξ
1092 769 1198 848 αὐτοῦ,

177 863 280 938 καθὼς
299 857 441 942 Ἰώσηπος
463 863 531 944 ἔφη.
568 865 716 945 προφάσει
733 864 789 946 γὰρ
807 865 955 946 εὐσεβείας
974 868 1071 946 δῆθεν
1089 867 1197 949 κύριον

178 959 252 1041 μηδέ
282 960 364 1044 μέχρι
395 961 539 1041 στόματος
564 961 674 1040 ἔφασκε
702 963 765 1024 δεῖν
792 986 858 1024 τινα
885 961 993 1044 λέγειν,
1022 963 1094 1044 μήτε
1122 964 1197 1025 κατὰ

177 1059 266 1139 τιμὴν
289 1059 360 1140 μήτε
382 1059 457 1121 κατὰ
475 1061 715 1142 φιλοφροσύνην,
739 1060 789 1121 καλ
807 1060 862 1140 τὴν
880 1067 942 1146 θεῷ
962 1061 1044 1148 μόνω
1063 1061 1196 1144 πρέπου-

177 1174 234 1219 σαν
260 1157 349 1237 τιμήν
376 1178 406 1219 τε
432 1156 486 1219 καί·
510 1157 601 1232 δόξαν
627 1156 803 1240 ἀνθρώποις
829 1157 996 1238 ἀπονέμειν.
1044 1159 1119 1220 ὅθεν
1146 1159 1196 1220 καλ

138 1277 164 1316 ιο
178 1255 281 1318 πολλοὶ
312 1256 411 1318 αὐτῶν
446 1254 513 1338 περὶ
544 1264 597 1317 τοῦ
630 1256 671 1336 μὴ
706 1257 798 1318 εἰπεῖν
829 1259 967 1340 Καίσαρα
1002 1258 1109 1340 κόριον
1146 1258 1196 1318 καλ

178 1353 324 1434 δεσπότην
359 1353 485 1434 χαλεπὰς
502 1366 504 1370 ’
519 1353 617 1427 αἰκίας
647 1352 824 1434 ὑπέστησαν.
870 1355 976 1430 οἵτινες
1007 1356 1113 1418 λοιπὸν
1146 1355 1195 1416 καλ

176 1451 332 1513 ἐδίδασκον
365 1451 459 1532 μηδὲν
489 1451 570 1535 παρὰ
601 1450 653 1525 τὰς
680 1449 904 1534 διατεταγμένας
932 1452 965 1514 έν
992 1459 1032 1537 τῷ
1056 1451 1195 1526 Μωσέως

176 1548 258 1633 νόμῳ
281 1551 392 1622 θυσίας
413 1548 618 1632 ἀναφέρεσθαι
639 1556 679 1635 τῷ
699 1555 768 1634 θεῷ,
790 1548 954 1612 κάντεῦθεν
977 1551 1080 1612 τοίνυν
1098 1552 1194 1612 κωλύ-

177 1669 259 1719 οντες
284 1646 336 1719 τὰς
362 1646 422 1709 όπδ
450 1656 503 1726 τῆς
524 1649 680 1730 γερουσίας
706 1657 759 1709 τοῦ
787 1653 860 1710 λαοῦ
886 1647 1127 1729 παραδιδομένας
1150 1651 1193 1730 γί-

138 1767 162 1806 ιυ
176 1750 283 1805 νεσθαι
305 1743 372 1827 περλ
395 1753 448 1823 τῆς
474 1746 620 1827 σωτηρίας
646 1754 699 1807 τοῦ
727 1744 868 1826 βασιλέως
893 1743 945 1806 καλ
967 1755 1020 1807 τοῦ
1039 1741 1194 1827 Ῥωμαίων

176 1841 287 1916 ἔθνους
322 1843 445 1923 θυσίας,
481 1841 601 1917 εἰκότως
637 1842 685 1904 έπλ
716 1845 831 1917 τούτοις
862 1842 1087 1926 ἀγανακτοῦντα
1118 1846 1195 1928 πρὸς

175 1942 351 2013 Γαλιλαίους
374 1941 507 2002 Πιλοίτον
533 1946 666 2003 κελεῦσαι
693 1941 775 2023 παρὰ
801 1947 864 2014 ταῖς
891 1942 1029 2022 θυσίαις,
1057 1937 1106 2015 αἷς
1128 1942 1193 2004 ἐδό-

175 2063 251 2101 κουν
272 2038 346 2100 κατὰ
368 2038 462 2118 νόμον
484 2036 674 2122 προσφέρειν,
697 2037 905 2122 ἀναιρεθῆναι,
928 2039 1000 2101 όόστε
1022 2038 1193 2122 ἀναμιχθῆ-

175 2161 226 2198 ναι
258 2143 322 2211 ταῖς
357 2135 612 2220 προσφερομέναις
645 2139 769 2211 θυσίαις
799 2138 832 2200 τὸ
865 2131 938 2216 αἷμα
969 2147 1029 2198 τῶν
1060 2157 1193 2221 προσφε-

135 2257 162 2298 εο
175 2234 297 2316 ρόντων.

237 2328 271 2394 Ὁ
294 2332 326 2395 δέ
352 2357 384 2415 γε
410 2332 543 2416 Τιβέριος
569 2332 643 2414 πρὸς
670 2338 731 2407 τοῖς
758 2338 873 2406 λοιποῖς
901 2332 993 2395 αὐτοῦ
1016 2336 1193 2414 πλεονεκτή-

176 2449 246 2509 μασι
273 2431 323 2492 καλ
349 2440 435 2493 τοῦτο
463 2430 606 2511 ἐκέκτητο.
651 2431 722 2504 τοὺς
749 2431 791 2504 εἰς
814 2429 900 2503 ἀξίαν
923 2425 975 2490 ὑπ’
1002 2431 1096 2492 αὐτοῦ
1118 2454 1193 2513 προ-

76 2528 340 2610 περιαγομένους
362 2535 474 2590 θᾶττον
497 2531 552 2592 οὐκ
573 2527 705 2611 ἤμειβεν,
728 2522 791 2590 ἀλλ’
816 2526 950 2608 ἢπολὺν
970 2528 1079 2610 χρόνον
1097 2527 1118 2610 ἣ
1136 2529 1194 2603 ἕως

174 2625 274 2700 τέλους
300 2636 353 2688 τοῦ
379 2628 449 2706 βίου
475 2625 604 2709 κατέχειν
632 2627 741 2701 αύτούς
768 2626 823 2706 τὴν
850 2624 944 2708 ἀρχὴν
966 2628 1192 2707 παρεσκεύαζεν.

247 2812 334 2860 2-20
353 2807 483 2862 Anastas.
499 2807 555 2862 Sin.
571 2807 684 2874 Quaest.
701 2813 751 2861 146
770 2807 867 2876 Migne
885 2807 962 2860 Tom.
978 2811 1024 2872 89,
1041 2808 1137 2861 8001).
1157 2840 1192 2848 -

176 2878 267 2931 4Αεό.
278 2878 330 2948 Ap.
341 2884 366 2944 5,
377 2883 419 2930 31.
435 2910 468 2918 —
483 2885 499 2932 6
513 2879 625 2949 Ioseph.
635 2880 700 2933 Ant.
715 2877 814 2946 XVIII,
829 2885 905 2948 4sqq.
920 2877 989 2933 Bell.
1000 2878 1065 2932 Jud.
1080 2879 1114 2947 II,
1130 2885 1192 2934 118.

176 2981 210 2990 -
229 2954 408 3018 11—p.319,
424 2956 456 3003 15
475 2951 510 3017 cf.
526 2950 581 3005 Leo
601 2949 722 3005 Gramm.
734 2967 763 3020 γ.
779 2955 821 3017 εν,
837 2955 861 3002 3.

247 3105 262 3153 9
280 3119 310 3154 τε
329 3116 378 3154 om.
398 3100 456 3154 AR.
475 3134 511 3142 -
534 3108 566 3155 11
586 3101 635 3155 καὶ
653 3119 704 3156 om.
724 3102 804 3157 codd.
823 3107 930 3170 praeter
948 3101 1135 3172 AP(Anast.).
1155 3134 1192 3142 -

176 3178 209 3224 14
227 3170 460 3241 παραδεδομένας
477 3174 521 3226 FP
530 3174 627 3226 Anast.
648 3204 680 3212 —
705 3178 736 3226 11
756 3176 873 3227 πιλᾶτον
889 3171 934 3225 LP
952 3173 998 3227 sed
1017 3190 1050 3226 επ
1068 3173 1191 3228 πιλάτον

174 3245 492 3376 ι-ιίετῖηηιετέσλογςεΆιιὲυίό.
511 3277 546 3284 -
565 3249 598 3297 18
617 3244 690 3298 κατὰ
708 3244 757 3299 τόν
776 3242 863 3315 νόμον
883 3243 962 3298 οοόδ.
978 3249 1090 3312 praeter
1109 3244 1190 3297 ALP.

247 3465 425 3519 1ἀπώλοντο
448 3467 558 3531 πλῆθος
580 3463 697 3529 ἀπειρον
716 3465 786 3532 (rell.
806 3467 866 3534 om.)
886 3464 973 3519 PJos.
1002 3497 1035 3505 —
1062 3472 1077 3518 2
1103 3463 1133 3529 ὅς
1156 3485 1190 3535 γε

176 3529 224 3585 καί
241 3553 327 3588 τινων
346 3536 439 3588 αὐτῶν
458 3533 531 3602 ἔμιξε
549 3532 617 3600 μετὰ
634 3553 657 3586 τ.
672 3538 703 3586 θ.
718 3535 747 3587 P.
763 3567 797 3575 -
817 3542 832 3588 3
852 3535 879 3589 οἱ
897 3535 951 3606 γάρ
969 3555 1013 3590 τοι
1031 3540 1091 3606 γαλ.
1105 3537 1136 3590 Ρ.
1152 3569 1189 3576 -

177 3608 191 3654 7
211 3605 256 3657 δεῖ
271 3604 301 3657 P.
321 3636 355 3644 -
374 3610 408 3656 22
427 3612 508 3656 τοῦτο
528 3601 659 3671 ἐκέκτητο
674 3621 724 3658 om.
739 3605 769 3658 P.
