2617 3909
531 216 732 267 PRAEFATIO
1014 218 1145 271 XXXVII

650 344 681 353 ..-

116 366 270 425 hibentur.
315 364 352 423 In
374 364 472 424 indice
494 384 617 425 numero
646 366 682 444 ξβ
709 365 893 442 adscriptum
917 371 975 426 est:
998 365 1087 427 Μετὰ
1109 363 1143 427 δὲ

118 454 299 535 Μαυρίκιον
317 452 484 533 ἐβασίλευσε
505 455 614 526 Φακᾶς
632 452 648 515 ὁ
668 454 814 535 τύραννος
830 453 881 533 ἔτη
899 448 944 533 η’,
967 451 1001 527 ὃς
1019 454 1143 537 ὕστερον

119 542 153 604 ἐν
176 547 280 615 κακοῖς
306 542 358 604 τὸν
381 542 449 622 βίου
476 539 598 603 ἀπέλιπε
625 542 745 622 μελιὸὸν
771 541 832 604 ὑπὸ
849 536 1026 626 Ἡρακλείου
1053 566 1142 605 κατα-

119 632 244 710 κοπείς,-
265 636 296 691 et
323 632 382 691 duo
404 634 526 691 tantum
548 632 732 711 paragraphi
755 636 921 709 sequuntur
942 634 988 692 hi:
1015 630 1042 693 ἆ.
1066 631 1143 715 Περὶ

118 730 174 801 τῆς
199 718 360 801 γενομένης
386 713 546 801 ’δυστυχίας
572 729 631 781 τῶν
649 714 801 799 Ῥωμαίων
827 721 908 804 παρὰ
935 731 994 783 τῶν
1017 725 1144 805 Περσῶν

119 808 172 870 καί
197 804 331 890 Ἀβάρων
358 807 408 870 καί
435 818 489 870 τοῦ
515 806 640 890 ἀπείρου
668 816 834 871 θανατικοῦ
863 808 913 870 καὶ
940 820 993 890 τῆς
1019 810 1144 884 ἐνδείαςε

121 921 154 977 et
182 918 210 997 β.
230 910 354 978 ‘Ouolas
376 917 466 995 δίκην
488 916 561 977 ἔτισε
585 920 693 990 Φακᾶς
718 915 798 999 παρὰ
820 925 873 978 τοῦ
891 911 1066 997 Ἡρακλείου
1088 917 1144 997 τὴν

121 1005 220 1068 αὐτοῦ
240 1005 319 1083 ζωὴν
343 1006 465 1079 δικαίως
487 1004 521 1067 ἐν
539 1010 642 1079 κακοῖς
665 1004 844 1088 ἀπορρήξας.
885 1006 967 1077 Quos
983 1007 1144 1068 Muraltius

120 1097 182 1156 1.1.
206 1096 390 1175 gravissimis
412 1096 519 1157 indicis
546 1096 792 1173 inscriptionibus
819 1096 979 1172 adscripsit
1005 1105 1144 1157 numeros

121 1186 272 1245 ordinales
291 1188 334 1260 A,
352 1186 391 1259 B,
409 1188 444 1260 Γ,
463 1192 489 1243 Δ
513 1204 572 1244 non
595 1186 627 1243 in
650 1184 751 1245 codice
773 1184 937 1260 invenerat,
959 1186 1011 1244 sed
1033 1189 1144 1245 temere
1270 1223 1272 1226 .

120 1274 222 1350 finxit,
236 1276 284 1333 ut
311 1278 455 1350 quattuor
482 1274 613 1334 chronici
639 1273 711 1333 libri
738 1274 1002 1351 distinguerentur.
1048 1274 1145 1335 Immo

119 1367 170 1423 ter
187 1363 318 1439 incipere
337 1365 470 1439 capitum
488 1382 626 1423 numeros
644 1364 677 1421 in
702 1364 731 1423 V
745 1364 869 1439 eiusque
892 1363 1042 1423 similibus
1065 1365 1145 1423 codi-

121 1452 208 1513 cibus
225 1454 257 1513 si
280 1451 535 1531 animadverteris
558 1452 591 1511 in
613 1452 660 1511 his
683 1455 744 1511 tres
762 1452 864 1528 potius
882 1452 984 1527 libros,
1007 1455 1144 1529 quamvis

120 1562 181 1602 uox
200 1541 322 1620 Βιβλίοο
341 1560 488 1617 nusquam
507 1542 694 1619 adhibeatur,
715 1541 861 1619 distingui
879 1545 1045 1602 convenies.
1087 1542 1146 1613 eri

121 1631 244 1707 quidem
267 1629 461 1690 exordiuntur
483 1630 521 1689 ab
549 1630 803 1708 inscriptionibus,
833 1630 941 1706 quibus
968 1631 1146 1709 gravissima

119 1720 267 1780 historiae
280 1721 473 1778 monumenta
487 1719 700 1799 significentur,
714 1739 733 1778 a
745 1720 893 1797 principio
908 1721 1022 1781 scilicet
1032 1720 1146 1797 mundi,

120 1810 201 1868 unde
220 1808 266 1868 bis
281 1806 427 1886 Georgius
445 1809 628 1868 narrationis
647 1809 769 1868 initium
787 1809 870 1886 facit,
889 1812 920 1868 et
938 1810 1055 1869 aJulic
1072 1809 1145 1870 Cae·

122 1918 189 1958 sare
213 1898 427 1975 imperatorum
450 1898 654 1957 Romanarum
678 1897 782 1976 primo.

124 2019 127 2027 ·
189 1986 323 2045 Indicam
346 1986 536 2063 subsequitur
556 1985 678 2065 Georgii
699 1988 848 2064 praefatio
871 1985 1025 2067 Πρόλογος
1047 2009 1146 2069 χρονι-

122 2084 179 2154 κῆς
207 2075 337 2156 ἱστορίας
362 2075 511 2155 Γεωργίοο
540 2084 673 2155 μοοαχοῦ
699 2078 852 2152 inscripta.
898 2076 1002 2153 Ipsum
1028 2079 1145 2135 textum

121 2166 269 2224 anteeant
295 2164 399 2224 verba:
431 2162 582 2243 Χρονικὸν
614 2165 770 2242 σύντομον·
794 2164 828 2225 ἐκ
854 2162 1009 2244 διαφόρων
1040 2187 1145 2245 χρονο-

121 2254 249 2335 γροίφων
271 2274 300 2314 τε
323 2250 373 2313 καί
396 2252 545 2335 ἐξηγητῶν
569 2250 706 2334 συλλευλο
728 2251 779 2313 καὶ
802 2250 946 2315 συντεθὲν
968 2250 1028 2313 ὑπὸ
1046 2256 1145 2335 Γεωρ-

121 2344 190 2423 ‘ylcv
214 2340 388 2422 ἆμαρτωλοῦ
412 2351 551 2423 μοναχυῦ.
591 2342 624 2402 Ρ.
645 2345 752 2417 43,11
778 2343 956 2420 inscriptum
978 2345 1036 2403 est:
1055 2334 1145 2424 Ἀρχὴ

121 2440 177 2493 τοῦ
204 2440 344 2513 χρονικοῦ
376 2432 494 2512 βιβλίου
522 2431 672 2513 Γεωργίου
704 2440 845 2511 μοναχοῦ.
892 2431 1012 2492 ceteras
1042 2435 1145 2492 textus

120 2522 332 2597 inscriptiones
360 2524 487 2581 maiores
515 2522 636 2581 eaedem
663 2525 735 2581 sunt
761 2541 839 2598 quae
865 2522 982 2582 indicis.
1027 2521 1063 2581 In
1085 2521 1145 2581 fine

121 2610 233 2671 codicis
265 2612 427 2670 narrantur
457 2630 537 2670 mors
570 2612 600 2670 et
627 2613 769 2686 exequiae
798 2612 988 2688 imperatoris
1015 2612 1146 2671 Romani

121 2700 274 2776 Lacapeni
297 2690 339 2781 (p.
360 2690 610 2781 851‚19Mur.).

123 2800 129 2873 J
189 2782 440 2850 Holkhamcnsis
469 2779 531 2849 296
563 2788 736 2849 chartaceus
768 2791 815 2848 est
846 2789 960 2851 saeculi
986 2788 1051 2865 XV,
1078 2792 1141 2849 421

122 2878 272 2938 loliorum.
318 2878 353 2935 In
381 2880 478 2954 primo
506 2878 580 2937 folio
608 2883 749 2937 narratur
781 2878 853 2938 olim
880 2898 948 2939 eum
978 2880 1069 2939 fuisse
1097 2897 1145 2937 co·

123 2967 219 3028 dicem
241 2965 287 3047 ῇ
305 2965 439 3047 Μάρκου
462 2968 630 3046 Μορζηνοῦ
654 2966 811 3028 Cretensis.
853 2969 932 3026 Tum
953 2966 1089 3043 peruenit
1111 2969 1144 3025 in

121 3055 335 3116 bibliothecam
357 3055 435 3114 Julii
458 3056 626 3115 Justiniani
645 3056 829 3115 Venetorum
849 3058 894 3116 rei
915 3054 1052 3133 publicae
1075 3075 1144 3131 pro·

122 3146 282 3226 curatoris,
299 3144 332 3203 in
346 3164 406 3220 qua
419 3164 543 3205 numero
559 3147 600 3204 62
616 3145 752 3223 signatus
771 3147 843 3205 erat.
879 3146 967 3204 Nunc
980 3144 1145 3204 Holkhami

121 3236 154 3295 in
182 3232 301 3295 comitis
323 3233 502 3294 Leicestriae
528 3233 710 3295 bibliotheca
726 3227 908 3295 'sesemen
933 3226 985 3315 (cf.
1007 3233 1042 3292 Β.
1063 3234 1092 3293 Ζ.
1116 3235 1145 3294 Χ

124 3315 242 3405 (1901)
265 3343 295 3400 p.
320 3325 337 3399 λ
342 3316 385 3403 8).
432 3321 576 3383 Omnibus
599 3324 661 3383 lere
689 3323 776 3383 rebus
808 3342 876 3383 cum
901 3322 1049 3383 Vaticano
1080 3324 1143 3383 153

123 3413 285 3488 consentit,
317 3412 376 3471 nisi
404 3412 483 3488 quod
511 3414 575 3473 eius
602 3414 741 3472 lacunam
773 3431 833 3471 non
861 3411 953 3472 habet
984 3415 1015 3471 et
1043 3415 1143 3472 nescio

123 3520 185 3579 qua
212 3490 249 3562 de
277 3520 366 3562 causa
392 3503 454 3561 iam
480 3502 578 3561 verbis
606 3498 657 3561 καὶ
684 3497 910 3583 κροσκυυηθὲυ·
925 3500 1016 3561 ἐκεῖσε
1042 3499 1075 3561 ἐν
1103 3505 1144 3581 τῷ

122 3590 254 3675 καλασίρο
277 3587 428 3671 ἀνήγαγον
451 3610 479 3666 p.
499 3592 607 3667 846,8
632 3590 707 3649 Mur.
732 3588 839 3648 deficit.
