2617 3909
559 215 749 266 xpomm
1121 214 1161 278 τι

146 362 255 440 νομίας
277 359 327 422 καὶ
349 358 483 441 ἀσεβείας
505 360 623 442 ἔμπλεα,
645 361 696 423 καλ
719 371 869 443 πανταχοῦ
891 371 944 443 τῆς
967 362 1081 444 ἀπάτης
1103 374 1164 426 τῶν

147 459 283 538 μάντεων
310 458 506 540 ἐπεπλήρωτο.
551 458 601 520 καί
627 458 684 541 γὰρ
710 461 745 521 τὰ
772 461 805 523 έν
831 466 961 539 Δελφοῖς
989 463 1039 524 καλ
1065 462 1102 524 τὰ
1130 461 1163 526 έν

146 558 284 640 Δωδώνη
315 556 365 618 καί
394 556 430 617 τὰ
461 556 494 619 έν
523 559 651 642 Βοιωτία
682 556 732 619 καλ
763 559 866 643 Λυκίη
896 558 946 621 καί
977 561 1081 644 Λιβύη
1112 559 1164 622 καλ

145 656 291 740 Αἰγύπτῳ
318 653 368 717 καὶ
391 655 550 736 Καβείροις
572 655 760 734 μαντεύματα
780 655 831 718 καλ
853 653 874 736 ἡ
897 657 1006 719 Πυθία
1027 657 1161 738 ἐθαυμά-

145 756 232 827 ζοντο
256 751 309 832 μὲν
331 752 393 814 τότε
415 751 497 835 παρὰ
518 752 769 835 τῶνάνθρώπων
792 762 827 837 τῇ
851 756 1007 839 φαντασίᾳ.
1047 765 1106 817 νῦν
1128 752 1161 817 δέ
1188 775 1201 816 ι

145 847 204 930 ἀφ’
225 844 262 912 οῦ
285 850 411 930 Χριστὸς
433 846 450 910 ὁ
473 850 545 924 θεὸς
567 849 668 932 λόγος,
695 847 715 930 ἡ
738 860 792 913 τοῦ
813 857 889 913 θεοῦ
912 853 1004 931 σοφία
1029 852 1080 914 καλ
1108 851 1161 915 δά-

143 974 246 1029 ναμις,
268 946 496 1029 καταγγέλλεται,
523 945 671 1010 πέπαυται
692 957 784 1009 ταῦτα
806 947 856 1009 καλ
878 945 898 1027 η
921 948 1033 1010 τούτων
1056 951 1161 1029 δαιμο-

144 1047 260 1125 νιώδης
283 1047 388 1127 μανία,
414 1044 465 1107 καί
488 1046 543 1108 οὐκ
565 1045 644 1108 ἔστιν
670 1045 712 1108 έτι
738 1045 843 1108 λοιπὸν
868 1045 900 1108 έν
923 1046 1024 1122 αὐτοῖς
1047 1044 1062 1107 ὁ
1086 1071 1160 1128 μαν-

145 1143 311 1223 τευόμενος.
356 1142 406 1205 καλ
432 1143 523 1204 πάλαι
550 1141 604 1223 μέν
626 1142 903 1222 ἒφαντασιοκόπουν
931 1145 1068 1224 δαίμονες
1090 1145 1160 1219 τοὺς

143 1241 330 1322 ἀνθρώπους
351 1242 683 1325 προκαταλαμβάνοντες
704 1240 802 1322 πηγὰς
828 1239 849 1320 ἣ
871 1241 1023 1320 ποταμοὺς
1044 1241 1065 1322 ἣ
1087 1243 1160 1316 ξύλα
1173 1265 1200 1306 10

143 1338 166 1420 ἢ
184 1341 306 1419 λίθους,
328 1338 379 1401 καί
398 1340 475 1401 οῦτοι
494 1344 558 1413 ταῖς
576 1340 709 1421 μαγείαις
731 1337 904 1419 ἐξέπληττον
926 1338 995 1414 τοῦς
1013 1338 1159 1424 ἀφρονας,

143 1447 204 1499 νῦν
231 1435 263 1499 δέ
289 1445 342 1517 τῆς
369 1437 456 1510 θείας
482 1435 657 1516 ἐπιφανείας
684 1447 738 1500 τοῦ
764 1443 840 1499 θεοῦ
867 1435 957 1519 λόγου
987 1436 1158 1520 γενομένης,

142 1534 308 1616 ἠφάνισται
334 1534 447 1596 τούτων
474 1532 494 1615 η
517 1537 675 1614 φαντασία.
715 1533 766 1597 καλ
792 1535 883 1597 πάλαι
911 1533 964 1615 μέν
986 1536 1056 1610 τοὺς
1077 1536 1158 1618 παρὰ
1171 1549 1196 1590 ⁶1
1210 1549 1244 1589 M·

141 1639 283 1712 ποιηταῖς
305 1630 482 1714 λεγομένους
504 1632 596 1707 θεοὺς
618 1633 679 1694 Δία
705 1632 755 1695 καλ
777 1632 898 1717 Κρόνον
920 1632 970 1695 καλ
989 1629 1159 1696 Ἀπόλλωνα

141 1730 195 1793 καλ
220 1731 321 1813 ἥρωας
348 1730 514 1809 νομίζοντες
542 1731 574 1791 οί
599 1729 757 1813 άνθρεοποι
784 1731 876 1806 θεοὺς
902 1732 1044 1815 ῦπάργειν
1071 1732 1157 1794 έπλα-
1172 1753 1197 1796 15

142 1840 239 1892 νῶντο
263 1828 412 1910 σέβοντες,
439 1827 489 1890 καί
516 1827 570 1908 μέν
593 1827 631 1908 δη
659 1827 709 1890 καὶ
734 1827 932 1911 ἀλληγυρικῶς
954 1853 1036 1904 τινας
1058 1831 1158 1893 αὐτῶν

141 1927 375 2007 ἐκλαμβάνοντες
396 1928 615 2008 προσεκύνουν,
643 1920 709 1988 οἷον
731 1927 783 1988 τὸν
806 1928 982 1989 Ποσειδῶνα
1004 1927 1085 2008 ὕδωρ
1107 1925 1157 1988 καί

141 2025 197 2087 τὸν
209 2020 379 2103 Ἥφαιστον
400 2034 460 2108 πῦρ
487 2023 537 2086 καί
559 2023 614 2104 τὴν
628 2019 728 2106 Ἥραν
751 2022 823 2106 ἀέρα
844 2022 895 2085 καί
916 2022 971 2103 τὴν
994 2024 1157 2105 Δήμητραν

140 2133 201 2205 γῆν
228 2121 278 2185 καὶ
300 2122 433 2205 καρποὺς
459 2121 584 2184 καὶτὸν
607 2124 667 2183 Δία
689 2121 789 2203 ὑετόν,
816 2120 882 2205 άρτι
909 2119 941 2183 δέ
968 2120 1075 2183 ἐκεῖνοι
1102 2119 1156 2201 μέν

140 2221 339 2302 ἐγνώσθησαν
365 2218 523 2303 ἅνθρωποι
549 2222 673 2302 θνητοί,
705 2219 797 2300 μόνος
826 2217 858 2280 δέ
885 2215 1013 2300 Χριστὸς
1042 2217 1076 2279 ἐν
1102 2217 1156 2279 ἀν·
1169 2243 1195 2283 ιο

140 2320 279 2402 θρώποις
306 2318 481 2400 ἐπεγνώσθη
508 2317 581 2393 θεὸς
608 2317 758 2399 ἀληθινοῦ
785 2323 860 2379 θεοῦ
887 2316 959 2390 θεὸς
985 2315 1079 2398 λόγος.
1125 2318 1157 2378 ολ

139 2418 245 2479 τοίνυν
272 2417 407 2497 ποιηταί,
434 2417 542 2497 φησίν,
569 2416 735 2499 εἰρήκασιν,
763 2415 807 2476 ὅτι
829 2414 906 2487 Ζεύς
932 2413 1010 2476 ἐστιν
1038 2413 1053 2476 ὁ
1081 2414 1155 2496 βων,

138 2509 204 2576 ἀλλ’
227 2515 260 2576 οἱ
274 2513 359 2576 αὐτοὶ
381 2515 471 2576 πάλιν
493 2509 587 2595 εἶπον,
611 2514 656 2576 ὅτι
674 2511 774 2594 μοιχός
792 2511 851 2575 ἐστι
873 2511 923 2574 καὶ
945 2512 1155 2595 παιδοφθόρος

213 2743 316 2794 19-21
336 2739 439 2793 Athan.
459 2739 495 2793 de
513 2739 618 2793 ineam.
634 2742 668 2791 47
688 2737 784 2808 Migne
804 2743 855 2792 180
865 2738 895 2791 Β.

212 2923 227 2969 2
248 2915 441 2985 έπεπλήρυντο
459 2914 521 2970 MV.
541 2949 574 2957 —
599 2921 615 2969 4
639 2915 774 3040 καὲήροις
796 2917 880 2985 (-ροῑς
898 2916 931 2986 B)
950 2915 1060 2999 ᾼΒθΙι
1081 2916 1112 2969 in
1130 2914 1152 2968 L

135 3005 207 3044 cor-r.
228 3020 262 3027 —
289 2993 304 3040 9
325 2985 603 3057 ἐφαντασιοσκόπουν
626 2987 674 3042 FG
710 2987 769 3041 MR
791 2993 816 3042 et
837 2987 858 3039 L
882 2987 929 3042 sed
951 3004 983 3041 υι
1001 2987 1022 3039 L
1046 3003 1062 3040 σ
1084 2990 1152 3040 καθ

135 3061 203 3115 add.
222 3059 278 3113 vid.
302 3090 336 3099 -
361 3065 394 3112 12
417 3061 489 3113 θεοῦ
507 3075 557 3114 ουτ.
577 3058 599 3112 L
610 3059 674 3113 Ath.
699 3091 733 3098 —
756 3056 939 3129 γεγενημένης
956 3057 1018 3110 ΗΜ
1028 3056 1092 3111 Ath.
1117 3087 1151 3097 -

136 3137 172 3185 15
191 3128 303 3255 ἥρωαςη
316 3128 372 3199 ἤρα
391 3128 439 3192 οῦς
453 3128 473 3183 O
492 3128 565 3198 ἥραν
578 3130 608 3183 F.
628 3162 663 3170 -
683 3135 716 3185 18
735 3127 878 3198 θημήτραυ
892 3128 938 3182 AO
944 3128 988 3181 FL
1002 3129 1034 3182 ίκ
1047 3127 1069 3180 L
1082 3144 1150 3183 corr.

136 3234 172 3242 -
197 3207 230 3254 21
249 3204 287 3255 θε
306 3221 319 3262 ς
337 3200 475 3270 ἀληθινὸς
497 3201 528 3257 ἐκ
544 3205 617 3256 θεοῦ
640 3202 781 3270 ἀληθινοῦ
800 3200 821 3253 F
844 3199 913 3263 θεὸς
931 3198 1068 3268 ἀληθινὸς
1086 3199 1151 3268 ἀλη-

133 3272 362 3398 ἓγμηεῖτῖοὶῦῦίλ.
382 3304 416 3313 -
440 3278 473 3326 22
492 3270 580 3341 φασίν
599 3272 643 3325 FL
662 3289 712 3328 om.
732 3271 764 3324 R.
789 3303 823 3312 -
847 3276 880 3324 23
899 3269 977 3324 ἀλλον
1000 3269 1081 3323 αῦτολ
1099 3268 1152 3324 GH

210 3527 225 3574 2
245 3529 383 3590 μαντειῶν
397 3521 419 3574 Ρ
433 3517 581 3592 (μαντείαν
594 3521 679 3590 Ath.).
695 3552 728 3562 -
749 3523 782 3573 19
796 3518 877 3573 ὑετὸν
892 3519 1017 3588 ἔφασκον
1032 3513 1105 3574 εἶναι
1118 3519 1149 3572 Ρ.

134 3624 170 3632 -
191 3597 225 3646 23
250 3589 292 3646 ὅτι
310 3593 358 3646 καλ
376 3592 472 3665 μοιχός
491 3592 548 3648 ἐστι
566 3594 596 3647 Ρ.
