2617 3909
149 202 227 251 xnn
556 199 762 270 *Praesumo

151 368 215 409 esse
239 351 393 409 centonem
407 348 503 407 illum
519 356 561 406 'ex
583 347 692 407 Isidori
712 347 881 407 Pelusiotae
904 347 1040 424 epistolis
1061 365 1184 423 compr-¹
1301 333 1302 344 ¹

151 438 248 497 latum
272 440 382 515 quippe
406 457 494 513 quem
517 436 658 497 librarius
680 438 795 513 pariter
817 456 853 495 ac
873 436 970 496 multa
993 446 1029 495 e'x
1048 438 1179 513 scripto-

47 534 50 541 '
150 528 236 588 ribus
257 528 465 587 ecclesiasticis
488 528 626 602 excerpta
653 526 781 585 forsitan
806 526 934 585 eiecerit
970 524 1083 585 Verum
1106 544 1180 583 nar-

151 617 278 677 rationis
301 616 373 675 ordo
396 618 429 674 in
447 615 601 675 Michaelis
619 615 667 673 III
683 616 810 693 imperio
828 615 974 675 idem'est
995 616 1049 691 qui
1065 616 1098 673 in
1118 614 1180 673 ΟΒ

152 709 183 766 et
205 703 279 786 ἀρχὴ
302 713 356 783 τῆς
377 704 526 783 βασιλείας
553 723 648 780 aeque
675 707 767 781 atque
788 705 822 762 in
844 702 982 763 omnibus
1004 703 1065 763 illis
1088 703 1178 763 libris

151 794 345 873 significatur.
391 794 544 853 Nonnulla
572 812 634 853 esse
666 794 808 853 similiter
839 795 930 869 atque
957 794 990 852 in
1017 792 1179 851 Patmiaco

152 884 303 961 adscripta
325 885 388 942 iam
410 901 500 959 supra
523 884 762 943 commemorari
840 931 844 939 .

221 989 405 1069 cognatione
415 990 548 1067 proxime
558 982 946 1050 eeoeffitaehvaticanns
954 981 1096 1051 Graecus
1104 978 1176 1049 154.

151 1079 394 1141 Membranaceus
410 1082 454 1139 est
468 1079 581 1139 saeculi
593 1078 661 1153 XII,
677 1080 741 1137 215
756 1078 905 1137 foliorum.
938 1078 1090 1154 Descripsi
1105 1098 1178 1137 eum

152 1170 321 1229 accuratius
334 1172 367 1229 in
380 1189 447 1229 mea
457 1168 646 1244 Theophanis
657 1166 1178 1245 chronographiaeeditionev0l.11

150 1278 180 1335 p.
200 1260 273 1318 385.
311 1258 453 1319 (lontinet
470 1258 630 1318 chronicon
653 1255 812 1335 eGeorgii
829 1258 933 1333 nostri,
957 1255 1082 1339 Georgii
1097 1254 1176 1332 Syn-

150 1348 220 1408 celli
248 1351 278 1407 et
300 1349 489 1423 Theophanis
513 1347 651 1423 operibus
675 1347 883 1423 compilatum,
911 1345 990 1421 quod
1017 1346 1176 1421 usquead

151 1437 318 1496 iustiniani
340 1437 356 1496 I
377 1436 496 1512 imperii
522 1436 646 1494 initium
672 1437 812 1511 pertinet.
858 1434 958 1510 Atque
985 1452 1021 1492 ex
1044 1433 1177 1511 Georgio

150 1526 297 1585 Monacho
319 1526 405 1584 folia·
419 1525 526 1584 1-76
550 1542 643 1600 usque
670 1523 709 1584 ad
731 1524 934 1583 &manorum
955 1525 1176 1599 imperatorum

150 1615 273 1673 initium
291 1635 319 1690 p.
339 1616 414 1694 293,
434 1616 452 1672 6
472 1614 635 1687 finxerunt3
659 1633 695 1672 ex
718 1613 822 1672 eodem
844 1615 973 1689 quaein
991 1613 1176 1691 Theophane

152 1704 261 1764 desunt
282 1705 409 1779 imperia
431 1722 450 1761 a
468 1702 620 1761 Marciano
643 1721 737 1778 usque
760 1702 800 1761 ad
817 1701 1012 1761 Anastasinm
1035 1694 1078 1783 (p.
1098 1703 1175 1783 610,

152 1794 308 1867 8—626,
330 1788 364 1869 2)
388 1792 420 1850 in
443 1792 524 1851 foliis
550 1792 626 1849 195r
647 1810 742 1867 usque
769 1792 808 1850 ad
832 1793 909 1851 200r
931 1791 1071 1868 suppleta
1093 1795 1175 1851 sunt.

151 1882 231 1941 Ante
254 1884 440 1957 prooemium
462 1882 617 1957 inscriptio
641 1883 740 1939 exstat
764 1878 909 1959 πρόλογος
932 1886 1072 1959 χρονικῆς
1094 1878 1175 1940 ioco·

151 1971 225 2050 ρίας.
271 1971 357 2031 Hanc
385 1990 461 2047 quae
489 1969 692 2045 sequebantur
717 1970 809 2029 verba
837 1970 983 2030 exstincta
1010 1972 1093 2043 sunt,
1121 1970 1176 2029 sed

151 2062 295 2137 scriptum
326 2060 370 2119 ibi
401 2062 493 2119 trisse
520 2058 671 2138 Γεωργίσυ
699 2066 831 2137 acropoli
862 2061 897 2117 ut
922 2058 956 2116 in
974 2058 1057 2140 ‚aliis
1087 2058 1175 2119 libris

150 2150 283 2211 dubitari
304 2151 417 2227 nequit
463 2148 652 2208 Prooemium
675 2147 775 2207 deficit
796 2150 829 2207 in
852 2146 950 2207 verbis
977 2145 1047 2221 τοὺς
1069 2145 1175 2227 ἐντυγ-

150 2238 295 2319 χάνοντας
313 2260 341 2317 p.
358 2240 386 2315 5,
402 2241 430 2298 3.
471 2239 577 2314 Neque
600 2240 670 2297 ante
691 2239 809 2296 textum
830 2256 927 2313 neque
948 2258 977 2313 p.
993 2238 1045 2311 43,
1062 2239 1180 2320 trin-=
1305 2237 1306 2274 ³

151 2329 274 2406 scriptio
294 2330 398 2388 exstat.
440 2327 520 2386 Ante
538 2329 754 2403 imperatorum
772 2326 975 2386 Romanorum
997 2327 1119 2386 initium
1136 2322 1175 2385 er

151 2416 279 2497 Georgio
303 2417 448 2476 Monacho
473 2415 560 2474 fiuxit
585 2415 742 2491 inscriptio
762 2409 850 2494 Ἀρχὴ
872 2423 926 2493 τῆς
942 2408 1094 2493 Ῥωμαίων
1116 2415 1173 2494 βα-

150 2505 274 2583 σιλείας,
301 2506 353 2566 sed
380 2507 432 2582 qui
455 2506 589 2581 sequitur
610 2507 676 2580 ipse
698 2507 798 2564 textus
820 2523 856 2563 ex
879 2503 1012 2581 syncelli
1033 2505 1178 2583 chronico

150 2596 345 2672 depromptus
368 2597 421 2655 est.

218 2684 388 2745 Librarium
410 2683 581 2744 adhibuisse
603 2682 736 2742 codicem
753 2682 957 2742 Laurentiano
984 2682 1177 2743 simillimum

150 2774 344 2834 manifestum
363 2777 415 2833 est.
455 2773 565 2833 Itidem
581 2772 634 2831 ille
651 2790 699 2832 res
718 2771 932 2833 ecclesiastem
951 2771 1109 2848 contraxit,
1126 2771 1178 2851 hi·-

151 2863 275 2924 storicas
294 2864 386 2922 aurit.
418 2862 531 2922 Verum
548 2879 714 2922 sermonem
733 2860 889 2939 archetypi
906 2860 1010 2921 multis
1025 2860 1099 2921 locis
1117 2879 1173 2921 suo

151 2953 276 3013 arbitrio
300 2971 369 3011 eum
395 2954 572 3013 retractasse
602 2950 721 3010 collatis
748 2951 854 3010 ceteris
876 2950 962 3029 libris
985 2953 1016 3009 et
1038 2950 1172 3011 fontibus

151 3045 286 3118 apparet.
333 3039 396 3110 Quo
419 3043 452 3100 in
474 3059 581 3119 genere
605 3059 629 3099 e.
648 3060 677 3118 g.
696 3040 778 3099 locus
801 3059 830 3115 p.
851 3040 924 3114 621,
940 3042 1044 3115 9sqq.,
1066 3038 1173 3122 ubiL

150 3150 219 3191 cum
242 3132 347 3191 ceteris
370 3130 455 3189 libris
477 3131 540 3189 fere
563 3129 719 3203 consentit,
741 3127 854 3207 legitur

365 3256 398 3313 in
415 3254 446 3314 L
830 3254 863 3312 in
880 3253 1029 3312 Vaticano

215 3372 285 3456 ss
303 3370 345 3440 s.
359 3378 474 3459 ss...
488 3376 538 3439 a
551 3377 661 3459 Mue—
744 3368 1172 3458 ‘sectasse

152 3468 244 3549 δαρσς
270 3462 451 3551 (Melitaeos
478 3470 527 3529 vel
550 3467 662 3529 Μούν-
690 3466 781 3545 oscos
794 3462 811 3526 ὁ
825 3474 885 3527 τῶν
903 3469 1097 3545 Σαράκησῶν
1110 3465 1172 3543 φύ-

151 3557 242 3637 capos
259 3550 338 3641 rell.)
359 3556 375 3619 ὁ
394 3566 452 3618 τῶν
471 3562 662 3637 Σαρακηνῶν
690 3558 795 3635 λαρχος
817 3552 985 3635 ἐβαπτίσθη
1004 3548 1173 3637 (gic'effiffl
