<?xml version="1.0" encoding="UTF-8"?>
<!DOCTYPE html PUBLIC "-//W3C//DTD XHTML 1.0 Transitional//EN"
    "http://www.w3.org/TR/xhtml1/DTD/xhtml1-transitional.dtd">
<html xmlns="http://www.w3.org/1999/xhtml" xml:lang="en" lang="en">
 <head>
  <title>
</title>
<meta http-equiv="Content-Type" content="text/html;charset=utf-8" />
  <meta name='ocr-system' content='tesseract 3.04.00' />
  <meta name='ocr-capabilities' content='ocr_page ocr_carea ocr_par ocr_line ocrx_word'/>
</head>
<body>
  <div class='ocr_page' id='page_1' title='image "./georgiimonachic01boorgoog_0415.png"; bbox 0 0 2617 3909; ppageno 0'>
   <div class='ocr_carea' id='block_1_1' title="bbox 552 228 1150 294">
    <p class='ocr_par' dir='ltr' id='par_1_1' title="bbox 552 228 1150 294">
     <span class='ocr_line' id='line_1_1' title="bbox 552 228 1150 294; baseline 0 -14"><span class='ocrx_word' id='word_1_1' title='bbox 552 229 741 281; x_wconf 80' lang='lat' dir='ltr'><strong>xPONIKON</strong></span> <span class='ocrx_word' id='word_1_2' title='bbox 1085 228 1150 294; x_wconf 76' lang='lat'><strong><em>327</em></strong></span> 
     </span>
    </p>
   </div>
   <div class='ocr_carea' id='block_1_2' title="bbox 134 373 1277 2512">
    <p class='ocr_par' dir='ltr' id='par_1_2' title="bbox 135 373 1277 1437">
     <span class='ocr_line' id='line_1_2' title="bbox 136 373 1150 464; baseline 0.004 -27"><span class='ocrx_word' id='word_1_3' title='bbox 136 375 303 439; x_wconf 75' lang='grc' dir='ltr'><strong><em>ἀποστόλου</em></strong></span> <span class='ocrx_word' id='word_1_4' title='bbox 321 373 488 457; x_wconf 75' lang='grc' dir='ltr'><strong><em>λεγομένοις</em></strong></span> <span class='ocrx_word' id='word_1_5' title='bbox 505 378 602 450; x_wconf 76' lang='grc' dir='ltr'><strong><em>θείοις</em></strong></span> <span class='ocrx_word' id='word_1_6' title='bbox 619 378 738 459; x_wconf 92' lang='grc' dir='ltr'><strong><em>λογίοις.</em></strong></span> <span class='ocrx_word' id='word_1_7' title='bbox 775 376 960 440; x_wconf 79' lang='grc' dir='ltr'><strong><em>ἀντετάσσετο</em></strong></span> <span class='ocrx_word' id='word_1_8' title='bbox 981 376 1012 440; x_wconf 80' lang='grc' dir='ltr'><strong><em>δὲ</em></strong></span> <span class='ocrx_word' id='word_1_9' title='bbox 1030 385 1069 464; x_wconf 77' lang='grc' dir='ltr'><strong><em>τῷ</em></strong></span> <span class='ocrx_word' id='word_1_10' title='bbox 1083 377 1150 441; x_wconf 83' lang='grc' dir='ltr'><strong><em>ἄσε-</em></strong></span> 
     </span>
     <span class='ocr_line' id='line_1_3' title="bbox 137 469 1277 562; baseline 0.005 -26"><span class='ocrx_word' id='word_1_11' title='bbox 137 476 189 554; x_wconf 83' lang='grc' dir='ltr'><strong><em>βεῖ</em></strong></span> <span class='ocrx_word' id='word_1_12' title='bbox 206 475 323 553; x_wconf 82' lang='grc' dir='ltr'><strong><em>Σίμωνι</em></strong></span> <span class='ocrx_word' id='word_1_13' title='bbox 350 472 400 534; x_wconf 85' lang='grc' dir='ltr'><strong><em>καί</em></strong></span> <span class='ocrx_word' id='word_1_14' title='bbox 421 475 548 554; x_wconf 80' lang='grc' dir='ltr'><strong><em>Κλήμης</em></strong></span> <span class='ocrx_word' id='word_1_15' title='bbox 570 473 587 537; x_wconf 94' lang='lat'><em>6</em></span> <span class='ocrx_word' id='word_1_16' title='bbox 607 469 747 554; x_wconf 79' lang='grc' dir='ltr'><strong><em>Ῥωμαῖος</em></strong></span> <span class='ocrx_word' id='word_1_17' title='bbox 770 473 887 558; x_wconf 81' lang='grc' dir='ltr'><strong><em>Πέτρου</em></strong></span> <span class='ocrx_word' id='word_1_18' title='bbox 913 476 1051 556; x_wconf 78' lang='grc' dir='ltr'><strong><em>μαθητὴς</em></strong></span> <span class='ocrx_word' id='word_1_19' title='bbox 1074 476 1150 562; x_wconf 79' lang='grc' dir='ltr'><strong><em>λόγῳ</em></strong></span> <span class='ocrx_word' id='word_1_20' title='bbox 1274 537 1277 542; x_wconf 94' lang='grc'>.</span> 
     </span>
     <span class='ocr_line' id='line_1_4' title="bbox 137 566 1248 658; baseline 0.002 -26"><span class='ocrx_word' id='word_1_21' title='bbox 137 570 370 651; x_wconf 67' lang='grc' dir='ltr'><strong><em>πεπαιδευμένος</em></strong></span> <span class='ocrx_word' id='word_1_22' title='bbox 388 570 485 654; x_wconf 78' lang='grc' dir='ltr'><strong><em>άκροις</em></strong></span> <span class='ocrx_word' id='word_1_23' title='bbox 499 566 662 657; x_wconf 77' lang='grc' dir='ltr'><strong><em>Ἑλληνικῷ</em></strong></span> <span class='ocrx_word' id='word_1_24' title='bbox 676 596 706 634; x_wconf 88' lang='grc' dir='ltr'><strong><em>τε</em></strong></span> <span class='ocrx_word' id='word_1_25' title='bbox 728 571 778 633; x_wconf 76' lang='grc' dir='ltr'><strong><em>καί</em></strong></span> <span class='ocrx_word' id='word_1_26' title='bbox 790 568 946 658; x_wconf 72' lang='grc' dir='ltr'><strong><em>Ῥωμαϊκῷ.</em></strong></span> <span class='ocrx_word' id='word_1_27' title='bbox 991 584 1097 657; x_wconf 77' lang='grc' dir='ltr'><strong><em>περιῆν</em></strong></span> <span class='ocrx_word' id='word_1_28' title='bbox 1116 573 1147 636; x_wconf 73' lang='grc' dir='ltr'><strong><em>δὲ</em></strong></span> <span class='ocrx_word' id='word_1_29' title='bbox 1161 597 1201 636; x_wconf 70' lang='grc' dir='ltr'><strong><em>εει</em></strong></span> <span class='ocrx_word' id='word_1_30' title='bbox 1215 596 1248 636; x_wconf 78' lang='grc' dir='ltr'><strong><em>ιτ.</em></strong></span> 
     </span>
     <span class='ocr_line' id='line_1_5' title="bbox 136 667 1150 754; baseline 0.004 -24"><span class='ocrx_word' id='word_1_31' title='bbox 136 667 185 730; x_wconf 80' lang='grc' dir='ltr'><strong><em>ίπλ</em></strong></span> <span class='ocrx_word' id='word_1_32' title='bbox 212 670 367 731; x_wconf 78' lang='grc' dir='ltr'><strong><em>Κλαυδίου</em></strong></span> <span class='ocrx_word' id='word_1_33' title='bbox 393 669 444 731; x_wconf 81' lang='grc' dir='ltr'><strong><em>καί</em></strong></span> <span class='ocrx_word' id='word_1_34' title='bbox 471 670 486 733; x_wconf 99' lang='lat'><em>6</em></span> <span class='ocrx_word' id='word_1_35' title='bbox 515 669 547 732; x_wconf 78' lang='grc' dir='ltr'><strong><em>ἐν</em></strong></span> <span class='ocrx_word' id='word_1_36' title='bbox 574 677 638 746; x_wconf 82' lang='grc' dir='ltr'><strong><em>ταῖς</em></strong></span> <span class='ocrx_word' id='word_1_37' title='bbox 666 671 805 752; x_wconf 78' lang='grc' dir='ltr'><strong><em>πράξεσιν</em></strong></span> <span class='ocrx_word' id='word_1_38' title='bbox 832 671 1031 753; x_wconf 77' lang='grc' dir='ltr'><strong><em>ἐμφερόμενος</em></strong></span> <span class='ocrx_word' id='word_1_39' title='bbox 1054 673 1150 754; x_wconf 82' lang='grc' dir='ltr'><strong><em>Αίγύ-</em></strong></span> 
     </span>
     <span class='ocr_line' id='line_1_6' title="bbox 136 767 1190 853; baseline 0.003 -24"><span class='ocrx_word' id='word_1_40' title='bbox 136 790 220 841; x_wconf 89' lang='grc' dir='ltr'><strong><em>πτιος</em></strong></span> <span class='ocrx_word' id='word_1_41' title='bbox 250 767 359 852; x_wconf 81' lang='grc' dir='ltr'><strong><em>ληστῆς</em></strong></span> <span class='ocrx_word' id='word_1_42' title='bbox 386 768 402 831; x_wconf 91' lang='grc' dir='ltr'><strong><em>δ</em></strong></span> <span class='ocrx_word' id='word_1_43' title='bbox 425 767 575 850; x_wconf 78' lang='grc' dir='ltr'><strong><em>ἐξαγαγὼν</em></strong></span> <span class='ocrx_word' id='word_1_44' title='bbox 600 769 672 843; x_wconf 80' lang='grc' dir='ltr'><strong><em>τοὺς</em></strong></span> <span class='ocrx_word' id='word_1_45' title='bbox 695 769 857 850; x_wconf 90' lang='grc' dir='ltr'><strong><em>Σικαρίονς</em></strong></span> <span class='ocrx_word' id='word_1_46' title='bbox 884 769 926 842; x_wconf 86' lang='grc' dir='ltr'><strong><em>είς</em></strong></span> <span class='ocrx_word' id='word_1_47' title='bbox 953 769 1008 849; x_wconf 79' lang='grc' dir='ltr'><strong><em>τήν</em></strong></span> <span class='ocrx_word' id='word_1_48' title='bbox 1028 769 1150 853; x_wconf 80' lang='grc' dir='ltr'><strong><em>ἔρημον,</em></strong></span> <span class='ocrx_word' id='word_1_49' title='bbox 1177 791 1190 832; x_wconf 82' lang='grc' dir='ltr'><strong><em>σ</em></strong></span> 
     </span>
     <span class='ocr_line' id='line_1_7' title="bbox 136 863 1150 950; baseline 0.004 -24"><span class='ocrx_word' id='word_1_50' title='bbox 136 863 191 939; x_wconf 73' lang='grc' dir='ltr'><strong><em>οὓς</em></strong></span> <span class='ocrx_word' id='word_1_51' title='bbox 218 865 269 926; x_wconf 80' lang='grc' dir='ltr'><strong><em>καλ</em></strong></span> <span class='ocrx_word' id='word_1_52' title='bbox 296 871 423 946; x_wconf 78' lang='grc' dir='ltr'><strong><em>μετῆλθε</em></strong></span> <span class='ocrx_word' id='word_1_53' title='bbox 449 869 542 942; x_wconf 80' lang='grc' dir='ltr'><strong><em>Φίλιξ.</em></strong></span> <span class='ocrx_word' id='word_1_54' title='bbox 588 868 751 950; x_wconf 87' lang='grc' dir='ltr'><strong><em>Σικαρίους</em></strong></span> <span class='ocrx_word' id='word_1_55' title='bbox 774 863 806 928; x_wconf 74' lang='grc' dir='ltr'><strong><em>δὲ</em></strong></span> <span class='ocrx_word' id='word_1_56' title='bbox 829 867 938 942; x_wconf 76' lang='grc' dir='ltr'><strong><em>αὐτοὺς</em></strong></span> <span class='ocrx_word' id='word_1_57' title='bbox 964 867 1090 930; x_wconf 79' lang='grc' dir='ltr'><strong><em>ἐκάλουν</em></strong></span> <span class='ocrx_word' id='word_1_58' title='bbox 1118 868 1150 930; x_wconf 75' lang='grc' dir='ltr'><strong><em>ἐκ</em></strong></span> 
     </span>
     <span class='ocr_line' id='line_1_8' title="bbox 136 957 1150 1049; baseline 0.004 -25"><span class='ocrx_word' id='word_1_59' title='bbox 136 973 195 1024; x_wconf 83' lang='grc' dir='ltr'><strong><em>τῶν</em></strong></span> <span class='ocrx_word' id='word_1_60' title='bbox 219 974 370 1045; x_wconf 82' lang='grc' dir='ltr'><strong><em>μαχαιρῶν</em></strong></span> <span class='ocrx_word' id='word_1_61' title='bbox 392 957 435 1026; x_wconf 76' lang='grc' dir='ltr'><strong><em>ὧν</em></strong></span> <span class='ocrx_word' id='word_1_62' title='bbox 457 965 597 1047; x_wconf 77' lang='grc' dir='ltr'><strong><em>ἐφόρουν.</em></strong></span> <span class='ocrx_word' id='word_1_63' title='bbox 635 964 741 1046; x_wconf 81' lang='grc' dir='ltr'><strong><em>μικρὰς</em></strong></span> <span class='ocrx_word' id='word_1_64' title='bbox 763 965 818 1047; x_wconf 84' lang='grc' dir='ltr'><strong><em>γάρ</em></strong></span> <span class='ocrx_word' id='word_1_65' title='bbox 846 967 989 1048; x_wconf 86' lang='grc' dir='ltr'><strong><em>μαχαίρας</em></strong></span> <span class='ocrx_word' id='word_1_66' title='bbox 1011 965 1150 1049; x_wconf 76' lang='grc' dir='ltr'><strong><em>ἐπιφερό-</em></strong></span> 
     </span>
     <span class='ocr_line' id='line_1_9' title="bbox 137 1061 1149 1147; baseline 0.004 -25"><span class='ocrx_word' id='word_1_67' title='bbox 137 1083 220 1140; x_wconf 91' lang='grc' dir='ltr'><strong><em>μενοι</em></strong></span> <span class='ocrx_word' id='word_1_68' title='bbox 241 1061 292 1122; x_wconf 86' lang='grc' dir='ltr'><strong><em>καὶ</em></strong></span> <span class='ocrx_word' id='word_1_69' title='bbox 314 1063 432 1145; x_wconf 90' lang='grc' dir='ltr'><strong><em>σικάρια</em></strong></span> <span class='ocrx_word' id='word_1_70' title='bbox 458 1063 566 1136; x_wconf 82' lang='grc' dir='ltr'><strong><em>ταύτας</em></strong></span> <span class='ocrx_word' id='word_1_71' title='bbox 593 1063 880 1144; x_wconf 78' lang='grc' dir='ltr'><strong><em>προσαγορεύσαντες</em></strong></span> <span class='ocrx_word' id='word_1_72' title='bbox 907 1065 1057 1147; x_wconf 84' lang='grc' dir='ltr'><strong><em>λαθραίως</em></strong></span> <span class='ocrx_word' id='word_1_73' title='bbox 1079 1064 1149 1139; x_wconf 79' lang='grc' dir='ltr'><strong><em>τοὺς</em></strong></span> 
     </span>
     <span class='ocr_line' id='line_1_10' title="bbox 135 1154 1150 1242; baseline 0.003 -23"><span class='ocrx_word' id='word_1_74' title='bbox 135 1160 413 1240; x_wconf 78' lang='grc' dir='ltr'><strong><em>παρατυγχάνοντας</em></strong></span> <span class='ocrx_word' id='word_1_75' title='bbox 436 1160 586 1239; x_wconf 80' lang='grc' dir='ltr'><strong><em>ἔπληττον.</em></strong></span> <span class='ocrx_word' id='word_1_76' title='bbox 631 1154 704 1221; x_wconf 84' lang='grc' dir='ltr'><strong><em>καθ’</em></strong></span> <span class='ocrx_word' id='word_1_77' title='bbox 728 1158 764 1222; x_wconf 86' lang='grc' dir='ltr'><strong><em>δν</em></strong></span> <span class='ocrx_word' id='word_1_78' title='bbox 786 1160 893 1242; x_wconf 89' lang='grc' dir='ltr'><strong><em>χρόνον</em></strong></span> <span class='ocrx_word' id='word_1_79' title='bbox 916 1161 1022 1240; x_wconf 80' lang='grc' dir='ltr'><strong><em>μεταξὺ</em></strong></span> <span class='ocrx_word' id='word_1_80' title='bbox 1049 1161 1150 1242; x_wconf 84' lang='grc' dir='ltr'><strong><em>Θήρας</em></strong></span> 
     </span>
     <span class='ocr_line' id='line_1_11' title="bbox 136 1255 1191 1338; baseline 0.004 -21"><span class='ocrx_word' id='word_1_81' title='bbox 136 1256 186 1318; x_wconf 84' lang='grc' dir='ltr'><strong><em>καί</em></strong></span> <span class='ocrx_word' id='word_1_82' title='bbox 212 1258 362 1338; x_wconf 80' lang='grc' dir='ltr'><strong><em>Θηρασίας</em></strong></span> <span class='ocrx_word' id='word_1_83' title='bbox 384 1267 476 1338; x_wconf 91' lang='grc' dir='ltr'><strong><em>νῆσος</em></strong></span> <span class='ocrx_word' id='word_1_84' title='bbox 497 1256 680 1337; x_wconf 85' lang='grc' dir='ltr'><strong><em>άνεφυσήθη</em></strong></span> <span class='ocrx_word' id='word_1_85' title='bbox 704 1258 831 1320; x_wconf 85' lang='grc' dir='ltr'><strong><em>σταδίων</em></strong></span> <span class='ocrx_word' id='word_1_86' title='bbox 849 1255 888 1338; x_wconf 90' lang='grc' dir='ltr'><strong><em>λ’,</em></strong></span> <span class='ocrx_word' id='word_1_87' title='bbox 911 1257 961 1319; x_wconf 86' lang='grc' dir='ltr'><strong><em>καί</em></strong></span> <span class='ocrx_word' id='word_1_88' title='bbox 983 1259 1067 1338; x_wconf 88' lang='grc' dir='ltr'><strong><em>λιμδς</em></strong></span> <span class='ocrx_word' id='word_1_89' title='bbox 1088 1257 1149 1321; x_wconf 74' lang='grc' dir='ltr'><strong><em>ἒνὲ-</em></strong></span> <span class='ocrx_word' id='word_1_90' title='bbox 1164 1281 1191 1321; x_wconf 80' lang='grc' dir='ltr'><strong><em>το</em></strong></span> 
     </span>
     <span class='ocr_line' id='line_1_12' title="bbox 136 1353 1107 1437; baseline 0.003 -22"><span class='ocrx_word' id='word_1_91' title='bbox 136 1370 233 1434; x_wconf 85' lang='grc' dir='ltr'><strong><em>σκηψε</em></strong></span> <span class='ocrx_word' id='word_1_92' title='bbox 257 1353 346 1437; x_wconf 71' lang='grc' dir='ltr'><strong><em>μέγας</em></strong></span> <span class='ocrx_word' id='word_1_93' title='bbox 367 1378 397 1417; x_wconf 85' lang='grc' dir='ltr'><strong><em>τε</em></strong></span> <span class='ocrx_word' id='word_1_94' title='bbox 419 1354 469 1417; x_wconf 81' lang='grc' dir='ltr'><strong><em>καί</em></strong></span> <span class='ocrx_word' id='word_1_95' title='bbox 491 1354 682 1437; x_wconf 90' lang='grc' dir='ltr'><strong><em>παγκόσμιος.</em></strong></span> <span class='ocrx_word' id='word_1_96' title='bbox 1104 1397 1107 1403; x_wconf 90' lang='grc'><strong>-</strong></span> 
     </span>
    </p>

    <p class='ocr_par' dir='ltr' id='par_1_3' title="bbox 134 1451 1191 2512">
     <span class='ocr_line' id='line_1_13' title="bbox 202 1451 1151 1538; baseline 0.003 -25"><span class='ocrx_word' id='word_1_97' title='bbox 202 1451 264 1514; x_wconf 78' lang='grc' dir='ltr'><strong><em>Καὶ</em></strong></span> <span class='ocrx_word' id='word_1_98' title='bbox 292 1453 420 1535; x_wconf 90' lang='grc' dir='ltr'><strong><em>Μάρκος</em></strong></span> <span class='ocrx_word' id='word_1_99' title='bbox 447 1453 463 1516; x_wconf 91' lang='lat'><em>6</em></span> <span class='ocrx_word' id='word_1_100' title='bbox 493 1452 697 1536; x_wconf 82' lang='grc' dir='ltr'><strong><em>εὐαγγελιστῆς</em></strong></span> <span class='ocrx_word' id='word_1_101' title='bbox 728 1453 761 1516; x_wconf 75' lang='grc' dir='ltr'><strong><em>ἐν</em></strong></span> <span class='ocrx_word' id='word_1_102' title='bbox 788 1454 929 1538; x_wconf 82' lang='grc' dir='ltr'><strong><em>Αίγύπτφ</em></strong></span> <span class='ocrx_word' id='word_1_103' title='bbox 960 1464 1075 1535; x_wconf 80' lang='grc' dir='ltr'><strong><em>πρῶτος</em></strong></span> <span class='ocrx_word' id='word_1_104' title='bbox 1103 1454 1151 1516; x_wconf 77' lang='grc' dir='ltr'><strong><em>ἕκ-</em></strong></span> 
     </span>
     <span class='ocr_line' id='line_1_14' title="bbox 134 1551 1150 1635; baseline 0.003 -23"><span class='ocrx_word' id='word_1_105' title='bbox 134 1552 258 1631; x_wconf 81' lang='grc' dir='ltr'><strong><em>πλησίας</em></strong></span> <span class='ocrx_word' id='word_1_106' title='bbox 292 1552 461 1631; x_wconf 75' lang='grc' dir='ltr'><strong><em>πηξάμενος</em></strong></span> <span class='ocrx_word' id='word_1_107' title='bbox 496 1551 589 1614; x_wconf 83' lang='grc' dir='ltr'><strong><em>πολλδι</em></strong></span> <span class='ocrx_word' id='word_1_108' title='bbox 621 1551 803 1634; x_wconf 88' lang='grc' dir='ltr'><strong><em>μοναστήρια</em></strong></span> <span class='ocrx_word' id='word_1_109' title='bbox 835 1553 1044 1633; x_wconf 76' lang='grc' dir='ltr'><strong><em>συνεστήσατο,</em></strong></span> <span class='ocrx_word' id='word_1_110' title='bbox 1076 1553 1150 1635; x_wconf 78' lang='grc' dir='ltr'><strong><em>άπερ</em></strong></span> 
     </span>
     <span class='ocr_line' id='line_1_15' title="bbox 135 1648 1150 1734; baseline 0.002 -24"><span class='ocrx_word' id='word_1_111' title='bbox 135 1655 253 1729; x_wconf 88' lang='grc' dir='ltr'><strong><em>σεμνεῐα</em></strong></span> <span class='ocrx_word' id='word_1_112' title='bbox 288 1649 351 1710; x_wconf 91' lang='grc' dir='ltr'><strong><em>τότε</em></strong></span> <span class='ocrx_word' id='word_1_113' title='bbox 387 1650 682 1733; x_wconf 81' lang='grc' dir='ltr'><strong><em>προσηγορεύθησαν.</em></strong></span> <span class='ocrx_word' id='word_1_114' title='bbox 728 1649 763 1710; x_wconf 86' lang='grc' dir='ltr'><strong><em>τά</em></strong></span> <span class='ocrx_word' id='word_1_115' title='bbox 794 1649 850 1732; x_wconf 79' lang='grc' dir='ltr'><strong><em>γάρ</em></strong></span> <span class='ocrx_word' id='word_1_116' title='bbox 884 1648 966 1733; x_wconf 70' lang='grc' dir='ltr'><strong><em>μέχρι</em></strong></span> <span class='ocrx_word' id='word_1_117' title='bbox 998 1652 1085 1734; x_wconf 84' lang='grc' dir='ltr'><strong><em>δεῦρο</em></strong></span> <span class='ocrx_word' id='word_1_118' title='bbox 1117 1651 1150 1714; x_wconf 76' lang='grc' dir='ltr'><strong><em>ἐν</em></strong></span> 
     </span>
     <span class='ocr_line' id='line_1_16' title="bbox 134 1743 1191 1832; baseline 0.003 -24"><span class='ocrx_word' id='word_1_119' title='bbox 134 1746 232 1832; x_wconf 76' lang='grc' dir='ltr'><strong><em>ἐκείνη</em></strong></span> <span class='ocrx_word' id='word_1_120' title='bbox 255 1756 291 1832; x_wconf 84' lang='grc' dir='ltr'><strong><em>τῆ</em></strong></span> <span class='ocrx_word' id='word_1_121' title='bbox 313 1748 393 1832; x_wconf 80' lang='grc' dir='ltr'><strong><em>χάργ</em></strong></span> <span class='ocrx_word' id='word_1_122' title='bbox 416 1746 534 1828; x_wconf 69' lang='grc' dir='ltr'><strong><em>μέγιστα</em></strong></span> <span class='ocrx_word' id='word_1_123' title='bbox 557 1747 738 1827; x_wconf 89' lang='grc' dir='ltr'><strong><em>μοναστήρια</em></strong></span> <span class='ocrx_word' id='word_1_124' title='bbox 755 1749 936 1830; x_wconf 84' lang='grc' dir='ltr'><strong><em>τυγχάνοντα</em></strong></span> <span class='ocrx_word' id='word_1_125' title='bbox 954 1747 1046 1828; x_wconf 87' lang='grc' dir='ltr'><strong><em>μόνος</em></strong></span> <span class='ocrx_word' id='word_1_126' title='bbox 1063 1743 1151 1824; x_wconf 76' lang='grc' dir='ltr'><strong><em>οὗτος</em></strong></span> <span class='ocrx_word' id='word_1_127' title='bbox 1164 1769 1191 1811; x_wconf 76' lang='grc' dir='ltr'><strong><em>τε</em></strong></span> 
     </span>
     <span class='ocr_line' id='line_1_17' title="bbox 135 1844 1150 1928; baseline 0.003 -22"><span class='ocrx_word' id='word_1_128' title='bbox 135 1844 185 1906; x_wconf 84' lang='grc' dir='ltr'><strong><em>καί</em></strong></span> <span class='ocrx_word' id='word_1_129' title='bbox 207 1854 324 1926; x_wconf 83' lang='grc' dir='ltr'><strong><em>πρῶτος</em></strong></span> <span class='ocrx_word' id='word_1_130' title='bbox 350 1845 379 1919; x_wconf 78' lang='grc' dir='ltr'><strong><em>ἐξ</em></strong></span> <span class='ocrx_word' id='word_1_131' title='bbox 407 1844 499 1928; x_wconf 84' lang='grc' dir='ltr'><strong><em>ἀρχῆς</em></strong></span> <span class='ocrx_word' id='word_1_132' title='bbox 525 1845 737 1924; x_wconf 84' lang='grc' dir='ltr'><strong><em>συνεστήσατο,</em></strong></span> <span class='ocrx_word' id='word_1_133' title='bbox 764 1845 868 1920; x_wconf 77' lang='grc' dir='ltr'><strong><em>καθὼς</em></strong></span> <span class='ocrx_word' id='word_1_134' title='bbox 891 1845 942 1908; x_wconf 81' lang='grc' dir='ltr'><strong><em>καί</em></strong></span> <span class='ocrx_word' id='word_1_135' title='bbox 963 1846 1111 1928; x_wconf 80' lang='grc' dir='ltr'><strong><em>Εὐσέβιος</em></strong></span> <span class='ocrx_word' id='word_1_136' title='bbox 1133 1845 1150 1908; x_wconf 94' lang='lat'><em>6</em></span> 
     </span>
     <span class='ocr_line' id='line_1_18' title="bbox 135 1943 1150 2024; baseline 0.002 -21"><span class='ocrx_word' id='word_1_137' title='bbox 135 1944 300 2022; x_wconf 85' lang='grc' dir='ltr'><strong><em>Παμφίλου</em></strong></span> <span class='ocrx_word' id='word_1_138' title='bbox 328 1944 426 2022; x_wconf 83' lang='grc' dir='ltr'><strong><em>δηλῶν</em></strong></span> <span class='ocrx_word' id='word_1_139' title='bbox 454 1944 531 2004; x_wconf 78' lang='grc' dir='ltr'><strong><em>οὕτω</em></strong></span> <span class='ocrx_word' id='word_1_140' title='bbox 559 1943 679 2021; x_wconf 82' lang='grc' dir='ltr'><strong><em>φάσκει·</em></strong></span> <span class='ocrx_word' id='word_1_141' title='bbox 703 1943 834 2024; x_wconf 89' lang='grc' dir='ltr'><strong><em>Μάρκον</em></strong></span> <span class='ocrx_word' id='word_1_142' title='bbox 862 1952 979 2024; x_wconf 85' lang='grc' dir='ltr'><strong><em>πρῶτον</em></strong></span> <span class='ocrx_word' id='word_1_143' title='bbox 1007 1944 1090 2023; x_wconf 80' lang='grc' dir='ltr'><strong><em>ἴσμεν</em></strong></span> <span class='ocrx_word' id='word_1_144' title='bbox 1118 1944 1150 2007; x_wconf 75' lang='grc' dir='ltr'><strong><em>ἐν</em></strong></span> 
     </span>
     <span class='ocr_line' id='line_1_19' title="bbox 136 2038 1150 2125; baseline 0.002 -24"><span class='ocrx_word' id='word_1_145' title='bbox 136 2040 278 2125; x_wconf 81' lang='grc' dir='ltr'><strong><em>Αίγόπτφ</em></strong></span> <span class='ocrx_word' id='word_1_146' title='bbox 301 2040 334 2102; x_wconf 85' lang='grc' dir='ltr'><strong><em>τὸ</em></strong></span> <span class='ocrx_word' id='word_1_147' title='bbox 352 2039 522 2122; x_wconf 77' lang='grc' dir='ltr'><strong><em>εὐαγγέλιον</em></strong></span> <span class='ocrx_word' id='word_1_148' title='bbox 540 2038 775 2122; x_wconf 76' lang='grc' dir='ltr'><strong><em>συγγεγραφέναι</em></strong></span> <span class='ocrx_word' id='word_1_149' title='bbox 792 2039 842 2101; x_wconf 80' lang='grc' dir='ltr'><strong><em>καί</em></strong></span> <span class='ocrx_word' id='word_1_150' title='bbox 860 2039 1014 2119; x_wconf 79' lang='grc' dir='ltr'><strong><em>ἐκκλησίας</em></strong></span> <span class='ocrx_word' id='word_1_151' title='bbox 1032 2051 1150 2122; x_wconf 82' lang='grc' dir='ltr'><strong><em>πρῶτον</em></strong></span> 
     </span>
     <span class='ocr_line' id='line_1_20' title="bbox 135 2131 1150 2218; baseline 0 -19"><span class='ocrx_word' id='word_1_152' title='bbox 135 2133 182 2200; x_wconf 78' lang='grc' dir='ltr'><strong><em>ἐπ’</em></strong></span> <span class='ocrx_word' id='word_1_153' title='bbox 208 2138 300 2217; x_wconf 80' lang='grc' dir='ltr'><strong><em>αὐτῆς</em></strong></span> <span class='ocrx_word' id='word_1_154' title='bbox 319 2131 537 2218; x_wconf 80' lang='grc' dir='ltr'><strong><em>Ἀλεξανδρείας</em></strong></span> <span class='ocrx_word' id='word_1_155' title='bbox 559 2137 772 2216; x_wconf 81' lang='grc' dir='ltr'><strong><em>συστήσασθαι.</em></strong></span> <span class='ocrx_word' id='word_1_156' title='bbox 808 2137 936 2216; x_wconf 83' lang='grc' dir='ltr'><strong><em>τοσαύτη</em></strong></span> <span class='ocrx_word' id='word_1_157' title='bbox 959 2135 991 2198; x_wconf 78' lang='grc' dir='ltr'><strong><em>δὲ</em></strong></span> <span class='ocrx_word' id='word_1_158' title='bbox 1014 2148 1073 2199; x_wconf 82' lang='grc' dir='ltr'><strong><em>τῶν</em></strong></span> <span class='ocrx_word' id='word_1_159' title='bbox 1095 2137 1150 2200; x_wconf 79' lang='grc' dir='ltr'><strong><em>αό-</em></strong></span> 
     </span>
     <span class='ocr_line' id='line_1_21' title="bbox 136 2232 1191 2316; baseline 0.003 -21"><span class='ocrx_word' id='word_1_160' title='bbox 136 2235 205 2297; x_wconf 77' lang='grc' dir='ltr'><strong><em>τόθι</em></strong></span> <span class='ocrx_word' id='word_1_161' title='bbox 236 2236 469 2298; x_wconf 86' lang='grc' dir='ltr'><strong><em>πεπιστευκότων</em></strong></span> <span class='ocrx_word' id='word_1_162' title='bbox 500 2233 622 2313; x_wconf 80' lang='grc' dir='ltr'><strong><em>πληθὺς</em></strong></span> <span class='ocrx_word' id='word_1_163' title='bbox 652 2232 773 2316; x_wconf 78' lang='grc' dir='ltr'><strong><em>ἀνδρῶν</em></strong></span> <span class='ocrx_word' id='word_1_164' title='bbox 800 2256 830 2296; x_wconf 83' lang='grc' dir='ltr'><strong><em>τε</em></strong></span> <span class='ocrx_word' id='word_1_165' title='bbox 861 2233 912 2294; x_wconf 85' lang='grc' dir='ltr'><strong><em>καί</em></strong></span> <span class='ocrx_word' id='word_1_166' title='bbox 940 2245 1091 2316; x_wconf 86' lang='grc' dir='ltr'><strong><em>γυναικῶν</em></strong></span> <span class='ocrx_word' id='word_1_167' title='bbox 1118 2235 1151 2297; x_wconf 72' lang='grc' dir='ltr'><strong><em>ἐκ</em></strong></span> <span class='ocrx_word' id='word_1_168' title='bbox 1164 2259 1191 2298; x_wconf 79' lang='grc' dir='ltr'><strong><em>το</em></strong></span> 
     </span>
     <span class='ocr_line' id='line_1_22' title="bbox 135 2325 1150 2415; baseline 0.002 -23"><span class='ocrx_word' id='word_1_169' title='bbox 135 2333 254 2415; x_wconf 84' lang='grc' dir='ltr'><strong><em>πρώτης</em></strong></span> <span class='ocrx_word' id='word_1_170' title='bbox 285 2332 423 2413; x_wconf 77' lang='grc' dir='ltr'><strong><em>ἐπιβολῆς</em></strong></span> <span class='ocrx_word' id='word_1_171' title='bbox 451 2331 576 2412; x_wconf 78' lang='grc' dir='ltr'><strong><em>συνέστη</em></strong></span> <span class='ocrx_word' id='word_1_172' title='bbox 604 2325 644 2392; x_wconf 90' lang='grc' dir='ltr'><strong><em>δι’</em></strong></span> <span class='ocrx_word' id='word_1_173' title='bbox 670 2329 821 2410; x_wconf 85' lang='grc' dir='ltr'><strong><em>ἀσκήσεως</em></strong></span> <span class='ocrx_word' id='word_1_174' title='bbox 849 2332 1093 2411; x_wconf 84' lang='grc' dir='ltr'><strong><em>φιλοσοφωτάτης</em></strong></span> <span class='ocrx_word' id='word_1_175' title='bbox 1120 2355 1150 2394; x_wconf 85' lang='grc' dir='ltr'><strong><em>τε</em></strong></span> 
     </span>
     <span class='ocr_line' id='line_1_23' title="bbox 136 2427 1151 2512; baseline 0 -22"><span class='ocrx_word' id='word_1_176' title='bbox 136 2428 187 2490; x_wconf 84' lang='grc' dir='ltr'><strong><em>καλ</em></strong></span> <span class='ocrx_word' id='word_1_177' title='bbox 219 2430 436 2512; x_wconf 83' lang='grc' dir='ltr'><strong><em>σφοδροτάτης,</em></strong></span> <span class='ocrx_word' id='word_1_178' title='bbox 468 2427 509 2504; x_wconf 81' lang='grc' dir='ltr'><strong><em>δος</em></strong></span> <span class='ocrx_word' id='word_1_179' title='bbox 540 2428 590 2490; x_wconf 84' lang='grc' dir='ltr'><strong><em>καὶ</em></strong></span> <span class='ocrx_word' id='word_1_180' title='bbox 621 2438 797 2511; x_wconf 77' lang='grc' dir='ltr'><strong><em>συγγραφῆς</em></strong></span> <span class='ocrx_word' id='word_1_181' title='bbox 824 2428 922 2490; x_wconf 77' lang='grc' dir='ltr'><strong><em>αὐτῶν</em></strong></span> <span class='ocrx_word' id='word_1_182' title='bbox 949 2428 1072 2504; x_wconf 82' lang='grc' dir='ltr'><strong><em>ἀξιῶσαι</em></strong></span> <span class='ocrx_word' id='word_1_183' title='bbox 1098 2429 1151 2503; x_wconf 86' lang='grc' dir='ltr'><strong><em>τδις</em></strong></span> 
     </span>
    </p>
   </div>
   <div class='ocr_carea' id='block_1_3' title="bbox 135 2625 1148 2910">
    <p class='ocr_par' dir='ltr' id='par_1_4' title="bbox 135 2625 1148 2910">
     <span class='ocr_line' id='line_1_24' title="bbox 206 2625 1147 2697; baseline 0 -16"><span class='ocrx_word' id='word_1_184' title='bbox 206 2633 284 2681; x_wconf 84' lang='grc'><strong><em>3-9</em></strong></span> <span class='ocrx_word' id='word_1_185' title='bbox 307 2629 343 2696; x_wconf 70' lang='grc' dir='ltr'><strong><em>τί.</em></strong></span> <span class='ocrx_word' id='word_1_186' title='bbox 362 2627 473 2697; x_wconf 80' lang='lat' dir='ltr'>Joseph.</span> <span class='ocrx_word' id='word_1_187' title='bbox 489 2627 571 2681; x_wconf 76' lang='lat' dir='ltr'><strong>Aseh.</strong></span> <span class='ocrx_word' id='word_1_188' title='bbox 590 2626 736 2695; x_wconf 81' lang='grc' dir='ltr'><strong><em>ΧΧ,186;</em></strong></span> <span class='ocrx_word' id='word_1_189' title='bbox 760 2625 829 2680; x_wconf 81' lang='lat' dir='ltr'>Bell.</span> <span class='ocrx_word' id='word_1_190' title='bbox 848 2625 887 2694; x_wconf 85' lang='grc' dir='ltr'><strong><em>Π,</em></strong></span> <span class='ocrx_word' id='word_1_191' title='bbox 903 2631 962 2680; x_wconf 86' lang='grc'><strong><em>261.</em></strong></span> <span class='ocrx_word' id='word_1_192' title='bbox 988 2658 1021 2666; x_wconf 97' lang='grc'>-</span> <span class='ocrx_word' id='word_1_193' title='bbox 1049 2632 1066 2680; x_wconf 83' lang='grc'>4</span> <span class='ocrx_word' id='word_1_194' title='bbox 1084 2627 1147 2681; x_wconf 74' lang='lat' dir='ltr'><strong>Aet.</strong></span> 
     </span>
     <span class='ocr_line' id='line_1_25' title="bbox 136 2696 1148 2767; baseline 0.001 -14"><span class='ocrx_word' id='word_1_195' title='bbox 136 2704 179 2763; x_wconf 91' lang='grc'><strong><em>21,</em></strong></span> <span class='ocrx_word' id='word_1_196' title='bbox 194 2705 237 2754; x_wconf 83' lang='lat'><strong><em>38.</em></strong></span> <span class='ocrx_word' id='word_1_197' title='bbox 257 2731 291 2740; x_wconf 93' lang='lat'>—</span> <span class='ocrx_word' id='word_1_198' title='bbox 310 2705 326 2753; x_wconf 86' lang='grc'>9</span> <span class='ocrx_word' id='word_1_199' title='bbox 345 2699 445 2753; x_wconf 80' lang='lat' dir='ltr'><strong>Euseb.</strong></span> <span class='ocrx_word' id='word_1_200' title='bbox 461 2698 561 2753; x_wconf 84' lang='lat' dir='ltr'><strong>Chron.</strong></span> <span class='ocrx_word' id='word_1_201' title='bbox 575 2698 601 2752; x_wconf 84' lang='lat'><strong><em>11</em></strong></span> <span class='ocrx_word' id='word_1_202' title='bbox 614 2715 645 2767; x_wconf 79' lang='grc' dir='ltr'><strong><em>μ.</em></strong></span> <span class='ocrx_word' id='word_1_203' title='bbox 663 2703 713 2752; x_wconf 76' lang='grc'><strong><em>152</em></strong></span> <span class='ocrx_word' id='word_1_204' title='bbox 732 2696 840 2751; x_wconf 67' lang='lat' dir='ltr'><strong>Schfine</strong></span> <span class='ocrx_word' id='word_1_205' title='bbox 858 2698 892 2764; x_wconf 78' lang='lat' dir='ltr'><strong><em>cf.</em></strong></span> <span class='ocrx_word' id='word_1_206' title='bbox 909 2697 1029 2766; x_wconf 78' lang='lat' dir='ltr'>Syneell.</span> <span class='ocrx_word' id='word_1_207' title='bbox 1045 2703 1107 2766; x_wconf 84' lang='lat'><strong><em>630,</em></strong></span> <span class='ocrx_word' id='word_1_208' title='bbox 1122 2705 1148 2754; x_wconf 81' lang='grc' dir='ltr'><strong><em>ό.</em></strong></span> 
     </span>
     <span class='ocr_line' id='line_1_26' title="bbox 135 2767 1148 2839; baseline -0.003 -13"><span class='ocrx_word' id='word_1_209' title='bbox 135 2803 169 2811; x_wconf 89' lang='grc'>-</span> <span class='ocrx_word' id='word_1_210' title='bbox 191 2777 223 2826; x_wconf 88' lang='grc'><strong><em>10</em></strong></span> <span class='ocrx_word' id='word_1_211' title='bbox 242 2770 307 2826; x_wconf 75' lang='lat' dir='ltr'><strong>Eue.</strong></span> <span class='ocrx_word' id='word_1_212' title='bbox 327 2772 363 2825; x_wconf 74' lang='grc' dir='ltr'><strong><em>τό,</em></strong></span> <span class='ocrx_word' id='word_1_213' title='bbox 382 2769 513 2839; x_wconf 65' lang='lat' dir='ltr'><strong>cfiSync.</strong></span> <span class='ocrx_word' id='word_1_214' title='bbox 530 2774 639 2836; x_wconf 82' lang='grc'><strong><em>628,16</em></strong></span> <span class='ocrx_word' id='word_1_215' title='bbox 659 2767 758 2823; x_wconf 73' lang='lat' dir='ltr'>chron.</span> <span class='ocrx_word' id='word_1_216' title='bbox 773 2768 871 2824; x_wconf 75' lang='lat' dir='ltr'><strong>Pasch.</strong></span> <span class='ocrx_word' id='word_1_217' title='bbox 890 2774 951 2836; x_wconf 76' lang='lat'><strong><em>436,</em></strong></span> <span class='ocrx_word' id='word_1_218' title='bbox 966 2774 990 2823; x_wconf 78' lang='lat'><strong><em>9.</em></strong></span> <span class='ocrx_word' id='word_1_219' title='bbox 1005 2800 1040 2809; x_wconf 89' lang='lat'>—</span> <span class='ocrx_word' id='word_1_220' title='bbox 1060 2775 1093 2824; x_wconf 80' lang='lat'><strong><em>12</em></strong></span> <span class='ocrx_word' id='word_1_221' title='bbox 1111 2770 1148 2837; x_wconf 73' lang='grc' dir='ltr'><strong><em>τί.</em></strong></span> 
     </span>
     <span class='ocr_line' id='line_1_27' title="bbox 135 2839 1148 2910; baseline -0.002 -14"><span class='ocrx_word' id='word_1_222' title='bbox 135 2841 234 2896; x_wconf 87' lang='lat' dir='ltr'><strong>Chron.</strong></span> <span class='ocrx_word' id='word_1_223' title='bbox 249 2841 347 2896; x_wconf 74' lang='lat' dir='ltr'><strong>Pasoh.</strong></span> <span class='ocrx_word' id='word_1_224' title='bbox 362 2847 427 2910; x_wconf 82' lang='grc'><strong><em>432,</em></strong></span> <span class='ocrx_word' id='word_1_225' title='bbox 444 2848 485 2895; x_wconf 89' lang='grc'><strong><em>12.</em></strong></span> <span class='ocrx_word' id='word_1_226' title='bbox 504 2873 539 2882; x_wconf 93' lang='grc'>-</span> <span class='ocrx_word' id='word_1_227' title='bbox 559 2846 663 2910; x_wconf 77' lang='grc' dir='ltr'><strong><em>17-ρ.</em></strong></span> <span class='ocrx_word' id='word_1_228' title='bbox 679 2844 745 2908; x_wconf 83' lang='grc'><strong><em>328,</em></strong></span> <span class='ocrx_word' id='word_1_229' title='bbox 760 2846 775 2892; x_wconf 90' lang='grc'><strong><em>2</em></strong></span> <span class='ocrx_word' id='word_1_230' title='bbox 795 2840 859 2894; x_wconf 74' lang='lat' dir='ltr'>Eun.</span> <span class='ocrx_word' id='word_1_231' title='bbox 874 2839 946 2894; x_wconf 75' lang='lat' dir='ltr'><strong>Hist.</strong></span> <span class='ocrx_word' id='word_1_232' title='bbox 967 2839 1034 2894; x_wconf 80' lang='grc' dir='ltr'><strong><em>θοοΙ.</em></strong></span> <span class='ocrx_word' id='word_1_233' title='bbox 1050 2840 1090 2908; x_wconf 86' lang='grc' dir='ltr'><strong><em>Π,</em></strong></span> <span class='ocrx_word' id='word_1_234' title='bbox 1106 2846 1148 2894; x_wconf 83' lang='grc'><strong><em>16.</em></strong></span> 
     </span>
    </p>
   </div>
   <div class='ocr_carea' id='block_1_4' title="bbox 134 3006 1150 3365">
    <p class='ocr_par' dir='ltr' id='par_1_5' title="bbox 134 3006 1150 3365">
     <span class='ocr_line' id='line_1_28' title="bbox 206 3006 1148 3081; baseline 0 -18"><span class='ocrx_word' id='word_1_235' title='bbox 206 3016 220 3063; x_wconf 86' lang='grc'>1</span> <span class='ocrx_word' id='word_1_236' title='bbox 241 3010 409 3081; x_wconf 75' lang='grc' dir='ltr'><strong><em>ἀποστόλου]</em></strong></span> <span class='ocrx_word' id='word_1_237' title='bbox 428 3010 537 3065; x_wconf 87' lang='grc' dir='ltr'><strong><em>παόλον</em></strong></span> <span class='ocrx_word' id='word_1_238' title='bbox 550 3009 585 3063; x_wconf 85' lang='lat' dir='ltr'><strong><em>N.</em></strong></span> <span class='ocrx_word' id='word_1_239' title='bbox 600 3042 636 3050; x_wconf 94' lang='lat'>—</span> <span class='ocrx_word' id='word_1_240' title='bbox 654 3006 758 3079; x_wconf 86' lang='grc' dir='ltr'><strong><em>λογίοις</em></strong></span> <span class='ocrx_word' id='word_1_241' title='bbox 771 3007 875 3063; x_wconf 72' lang='lat' dir='ltr'>AOFM</span> <span class='ocrx_word' id='word_1_242' title='bbox 899 3006 990 3078; x_wconf 85' lang='grc' dir='ltr'><strong><em>λόγοις</em></strong></span> <span class='ocrx_word' id='word_1_243' title='bbox 1008 3007 1148 3063; x_wconf 77' lang='lat' dir='ltr'>BDLRV.</span> 
     </span>
     <span class='ocr_line' id='line_1_29' title="bbox 134 3077 1148 3155; baseline -0.002 -19"><span class='ocrx_word' id='word_1_244' title='bbox 134 3113 170 3122; x_wconf 95' lang='lat'>—</span> <span class='ocrx_word' id='word_1_245' title='bbox 188 3081 220 3136; x_wconf 72' lang='grc' dir='ltr'><strong><em>δὲ</em></strong></span> <span class='ocrx_word' id='word_1_246' title='bbox 239 3080 375 3150; x_wconf 82' lang='grc' dir='ltr'><strong><em>γενναίως</em></strong></span> <span class='ocrx_word' id='word_1_247' title='bbox 392 3086 431 3155; x_wconf 78' lang='grc' dir='ltr'><strong><em>τῷ</em></strong></span> <span class='ocrx_word' id='word_1_248' title='bbox 444 3081 479 3136; x_wconf 83' lang='lat' dir='ltr'><strong><em>N.</em></strong></span> <span class='ocrx_word' id='word_1_249' title='bbox 500 3114 533 3122; x_wconf 92' lang='lat'>-</span> <span class='ocrx_word' id='word_1_250' title='bbox 553 3087 569 3134; x_wconf 83' lang='lat'><strong>3</strong></span> <span class='ocrx_word' id='word_1_251' title='bbox 589 3080 675 3150; x_wconf 81' lang='grc' dir='ltr'><strong><em>ἄκρος</em></strong></span> <span class='ocrx_word' id='word_1_252' title='bbox 688 3080 744 3133; x_wconf 89' lang='lat' dir='ltr'><strong><em>AM</em></strong></span> <span class='ocrx_word' id='word_1_253' title='bbox 763 3079 839 3152; x_wconf 86' lang='grc' dir='ltr'><strong><em>άκρφ</em></strong></span> <span class='ocrx_word' id='word_1_254' title='bbox 855 3078 882 3134; x_wconf 83' lang='lat' dir='ltr'><strong><em>O.</em></strong></span> <span class='ocrx_word' id='word_1_255' title='bbox 902 3111 935 3119; x_wconf 92' lang='lat'>—</span> <span class='ocrx_word' id='word_1_256' title='bbox 955 3083 970 3131; x_wconf 90' lang='grc'><strong>6</strong></span> <span class='ocrx_word' id='word_1_257' title='bbox 989 3077 1072 3148; x_wconf 81' lang='grc' dir='ltr'><strong><em>φίληξ</em></strong></span> <span class='ocrx_word' id='word_1_258' title='bbox 1085 3079 1148 3134; x_wconf 84' lang='lat' dir='ltr'><strong><em>BR.</em></strong></span> 
     </span>
     <span class='ocr_line' id='line_1_30' title="bbox 135 3145 1149 3244; baseline -0.002 -38"><span class='ocrx_word' id='word_1_259' title='bbox 135 3183 169 3192; x_wconf 91' lang='lat'><em>-</em></span> <span class='ocrx_word' id='word_1_260' title='bbox 180 3158 205 3244; x_wconf 39' lang='grc'><strong><em>’8</em></strong></span> <span class='ocrx_word' id='word_1_261' title='bbox 220 3162 309 3206; x_wconf 82' lang='grc' dir='ltr'><strong><em>ταῦτα</em></strong></span> <span class='ocrx_word' id='word_1_262' title='bbox 323 3153 377 3206; x_wconf 87' lang='lat' dir='ltr'><strong><em>PR.</em></strong></span> <span class='ocrx_word' id='word_1_263' title='bbox 389 3185 422 3194; x_wconf 94' lang='lat'><em>-</em></span> <span class='ocrx_word' id='word_1_264' title='bbox 439 3158 472 3207; x_wconf 76' lang='lat'><strong><em>15</em></strong></span> <span class='ocrx_word' id='word_1_265' title='bbox 487 3151 572 3223; x_wconf 84' lang='grc' dir='ltr'><strong><em>μόνος</em></strong></span> <span class='ocrx_word' id='word_1_266' title='bbox 585 3148 667 3215; x_wconf 79' lang='grc' dir='ltr'><strong><em>οὗτος</em></strong></span> <span class='ocrx_word' id='word_1_267' title='bbox 680 3152 730 3205; x_wconf 82' lang='grc' dir='ltr'><strong><em>καί</em></strong></span> <span class='ocrx_word' id='word_1_268' title='bbox 744 3159 853 3219; x_wconf 85' lang='grc' dir='ltr'><strong><em>πρῶτος</em></strong></span> <span class='ocrx_word' id='word_1_269' title='bbox 865 3150 888 3203; x_wconf 91' lang='grc' dir='ltr'>Ρ</span> <span class='ocrx_word' id='word_1_270' title='bbox 907 3145 988 3212; x_wconf 76' lang='grc' dir='ltr'><strong><em>οὗτος</em></strong></span> <span class='ocrx_word' id='word_1_271' title='bbox 1002 3150 1050 3204; x_wconf 83' lang='grc' dir='ltr'><strong><em>καὶ</em></strong></span> <span class='ocrx_word' id='word_1_272' title='bbox 1064 3149 1149 3220; x_wconf 86' lang='grc' dir='ltr'><strong><em>μόνος</em></strong></span> 
     </span>
     <span class='ocr_line' id='line_1_31' title="bbox 134 3219 1150 3365; baseline -0.002 -17"><span class='ocrx_word' id='word_1_273' title='bbox 134 3223 448 3365; x_wconf 55' lang='grc' dir='ltr'><strong><em>όλἫοέλιλίλῗιλλ’</em></strong></span> <span class='ocrx_word' id='word_1_274' title='bbox 458 3220 843 3365; x_wconf 38' lang='grc' dir='ltr'><strong><em>άλιιῖιίῖιῗίίίὲίόίῗ</em></strong></span> <span class='ocrx_word' id='word_1_275' title='bbox 859 3253 895 3346; x_wconf 72' lang='lat'><strong><em>{2</em></strong></span> <span class='ocrx_word' id='word_1_276' title='bbox 909 3219 1150 3347; x_wconf 50' lang='grc' dir='ltr'><strong><em>ἷῗιῖίίγόλίόῗαι</em></strong></span> 
     </span>
    </p>
   </div>
   <div class='ocr_carea' id='block_1_5' title="bbox 134 3458 1150 3611">
    <p class='ocr_par' dir='ltr' id='par_1_6' title="bbox 134 3458 1150 3611">
     <span class='ocr_line' id='line_1_32' title="bbox 206 3458 1149 3535; baseline -0.001 -18"><span class='ocrx_word' id='word_1_277' title='bbox 206 3469 223 3517; x_wconf 77' lang='lat'>4</span> <span class='ocrx_word' id='word_1_278' title='bbox 242 3464 290 3518; x_wconf 82' lang='grc' dir='ltr'><strong><em>καί</em></strong></span> <span class='ocrx_word' id='word_1_279' title='bbox 309 3463 324 3517; x_wconf 91' lang='grc' dir='ltr'><strong><em>δ</em></strong></span> <span class='ocrx_word' id='word_1_280' title='bbox 344 3465 543 3527; x_wconf 80' lang='grc' dir='ltr'><strong><em>ἀναστατώσας</em></strong></span> <span class='ocrx_word' id='word_1_281' title='bbox 560 3458 595 3533; x_wconf 89' lang='grc' dir='ltr'><strong><em>ήν</em></strong></span> <span class='ocrx_word' id='word_1_282' title='bbox 615 3462 716 3535; x_wconf 77' lang='grc' dir='ltr'><strong><em>λῃστὴς</em></strong></span> <span class='ocrx_word' id='word_1_283' title='bbox 733 3462 880 3532; x_wconf 88' lang='grc' dir='ltr'><strong><em>αίγόπτιος</em></strong></span> <span class='ocrx_word' id='word_1_284' title='bbox 897 3462 946 3514; x_wconf 79' lang='grc' dir='ltr'><strong><em>καὶ</em></strong></span> <span class='ocrx_word' id='word_1_285' title='bbox 964 3459 1106 3532; x_wconf 77' lang='grc' dir='ltr'><strong><em>ἐξαγαγὼν</em></strong></span> <span class='ocrx_word' id='word_1_286' title='bbox 1124 3480 1149 3516; x_wconf 85' lang='grc' dir='ltr'><strong><em>τ.</em></strong></span> 
     </span>
     <span class='ocr_line' id='line_1_33' title="bbox 134 3530 1150 3611; baseline -0.002 -23"><span class='ocrx_word' id='word_1_287' title='bbox 134 3551 187 3588; x_wconf 89' lang='grc' dir='ltr'><strong><em>σικ.</em></strong></span> <span class='ocrx_word' id='word_1_288' title='bbox 207 3535 248 3596; x_wconf 83' lang='grc' dir='ltr'><strong><em>είς</em></strong></span> <span class='ocrx_word' id='word_1_289' title='bbox 265 3554 287 3588; x_wconf 91' lang='grc' dir='ltr'><strong><em>τ.</em></strong></span> <span class='ocrx_word' id='word_1_290' title='bbox 308 3535 345 3603; x_wconf 80' lang='grc' dir='ltr'><strong><em>ἔρ.</em></strong></span> <span class='ocrx_word' id='word_1_291' title='bbox 366 3535 404 3596; x_wconf 78' lang='grc' dir='ltr'><strong><em>ὡς</em></strong></span> <span class='ocrx_word' id='word_1_292' title='bbox 425 3536 494 3605; x_wconf 83' lang='grc' dir='ltr'><strong><em>φησὶ</em></strong></span> <span class='ocrx_word' id='word_1_293' title='bbox 516 3534 601 3589; x_wconf 92' lang='grc' dir='ltr'><strong><em>πάλιν</em></strong></span> <span class='ocrx_word' id='word_1_294' title='bbox 624 3534 655 3588; x_wconf 85' lang='grc' dir='ltr'><strong><em>αλ</em></strong></span> <span class='ocrx_word' id='word_1_295' title='bbox 673 3533 789 3603; x_wconf 83' lang='grc' dir='ltr'><strong><em>πράξεις</em></strong></span> <span class='ocrx_word' id='word_1_296' title='bbox 807 3542 863 3588; x_wconf 81' lang='grc' dir='ltr'><strong><em>τῶν</em></strong></span> <span class='ocrx_word' id='word_1_297' title='bbox 883 3530 1046 3588; x_wconf 78' lang='grc' dir='ltr'><strong><em>ἀποστόλων</em></strong></span> <span class='ocrx_word' id='word_1_298' title='bbox 1064 3533 1094 3588; x_wconf 93' lang='grc' dir='ltr'><strong><em>Ρ.</em></strong></span> <span class='ocrx_word' id='word_1_299' title='bbox 1115 3564 1150 3611; x_wconf 44' lang='grc' dir='ltr'>ᾗ</span> 
     </span>
    </p>
   </div>
   <div class='ocr_carea' id='block_1_6' title="bbox 135 3605 414 3675">
    <p class='ocr_par' dir='ltr' id='par_1_7' title="bbox 135 3605 414 3675">
     <span class='ocr_line' id='line_1_34' title="bbox 135 3605 414 3675; baseline -0.007 -16"><span class='ocrx_word' id='word_1_300' title='bbox 135 3612 169 3659; x_wconf 82' lang='grc'><strong><em>22</em></strong></span> <span class='ocrx_word' id='word_1_301' title='bbox 188 3613 300 3675; x_wconf 87' lang='grc' dir='ltr'><strong><em>γραφῆς</em></strong></span> <span class='ocrx_word' id='word_1_302' title='bbox 318 3605 414 3659; x_wconf 76' lang='lat' dir='ltr'>PEus.</span> 
     </span>
    </p>
   </div>
   <div class='ocr_carea' id='block_1_7' title="bbox 0 0 1314 3909">
    <p class='ocr_par' dir='ltr' id='par_1_8' title="bbox 0 0 1314 3909">
     <span class='ocr_line' id='line_1_35' title="bbox 0 0 1314 3909; baseline 0 1"><span class='ocrx_word' id='word_1_303' title='bbox 0 0 1314 3909; x_wconf 95' lang='lat' dir='ltr'><strong><em> </em></strong></span> 
     </span>
    </p>
   </div>
  </div>
 </body>
</html>
