2617 3909
177 191 242 257 298
490 191 677 243 υνκνοων
695 191 884 242 nomm

176 359 252 404 σασα
274 340 325 402 καλ
352 341 459 421 μάχας,
486 338 590 421 είρήνη
618 340 728 419 βαθεῖα
755 347 906 420 πανταχοῦ
933 337 1037 420 γέγονε
1068 336 1127 398 καῖ
1148 337 1197 410 τάς

175 449 235 502 τῶν
256 438 429 522 ἀνθρώπων
450 435 543 511 άκοδις
565 438 758 520 εύτρεπίσασα
780 443 842 510 τοῖς
864 437 1044 519 κηρύττουσι
1068 437 1124 498 τὸν
1146 446 1197 516 τῆς

176 537 297 620 εἰρήνης
312 536 469 619 πρύτανιν,
487 534 581 609 ἀδεῶς
595 534 701 597 λοιπδν
715 533 756 608 ὡς
769 535 802 597 ἐν
816 542 869 620 μιᾷ
883 536 1018 618 βασιλείμ
1032 533 1196 617 διέδραμον

176 634 225 697 καί
247 634 303 714 τὴν
321 633 467 716 σωτήριον
490 633 684 695 διδασκαλίαν
702 639 763 708 τοῖς
781 633 957 716 ἀνθρώποις
976 633 1195 715 προσήνεγκαν.

149 731 249 796 ικατδι
272 729 325 811 μέν
349 723 404 792 ούν
427 730 482 809 τὴν
505 731 637 815 ἱστορίαν
660 733 754 806 οὕτως
776 731 917 813 ἐκβέβηκε
939 731 985 793 τύ·
1004 730 1196 812 άνγαναιρῶν

174 829 321 909 πολέμους
344 828 394 891 καλ
411 828 447 890 τὰ
465 829 542 910 ἑξῆς,
564 831 780 914 τροπικύτερον
797 829 831 893 δὲ
848 831 880 892 εἴ
892 854 937 905 τις
955 827 1057 892 ἐθέλοι
1075 839 1194 910 νοῆσαι,

176 927 281 1006 ὄψεται
302 936 355 990 τοῦ
377 927 451 988 κατά
474 937 527 1008 τῆς
548 927 705 1008 ἐκκλησίας
727 927 858 1009 πολέμου
877 927 934 1008 τὴν
952 934 1082 990 παῦλαν.
1121 928 1195 1008 φησί

174 1025 242 1108 γάρ·
266 1025 473 1108 ἐταράχθησαν
500 1025 592 1106 έθνη,
621 1026 742 1088 ἔκλιναν
766 1028 919 1107 βασιλεῖαι.
965 1025 1058 1088 ἔδακε
1086 1027 1195 1105 φωνὴν

175 1123 267 1187 αὐτοῦ
290 1122 307 1186 6
330 1124 467 1204 ὕψιστος,
490 1123 638 1203 ἐσαλεύθη
661 1121 681 1204 ἡ
704 1134 751 1207 γῆ,
788 1133 841 1204 τῆς
862 1125 950 1196 θείας
971 1123 1028 1206 γδιρ
1048 1125 1194 1205 βοηθείας

136 1247 162 1285 το
175 1222 370 1302 ἐπιφανείσης
387 1231 474 1283 νῶτα
485 1220 619 1284 δέδωκαν
637 1222 670 1284 ολ
688 1219 833 1302 πολέμιοι,
855 1220 905 1281 κάλ
925 1222 961 1281 αί
975 1222 1069 1282 πύλαι
1086 1220 1195 1282 τάναν-

78 1344 116 1383 τιε
131 1343 161 1382 M.
175 1322 223 1381 τία
255 1329 421 1402 φρονοῦσαι
458 1322 602 1400 βασιλεῖαι
636 1317 799 1380 ύπέκλιναν
833 1318 886 1380 τὸν
917 1317 1028 1399 αύχένα
1060 1318 1112 1380 καλ
1144 1319 1194 1380 τδν

113 1485 116 1490 ,
175 1419 320 1499 σωτήριον
344 1419 433 1499 ζυγὸν
458 1415 644 1491 ὑπεδέξαντο.
690 1425 726 1501 τῇ
753 1416 809 1498 γάρ
836 1415 966 1500 ἀληθείᾳ
991 1415 1042 1477 καὶ
1070 1426 1107 1502 τῇ
1136 1427 1195 1478 τῶν

174 1517 353 1598 πραγμάτων
377 1517 521 1600 μαρτυρίᾳ
544 1514 593 1576 καί
620 1521 684 1588 ταῖς
708 1515 914 1588 παντοδαπαῖς
935 1516 1194 1598 θαυματουργίαις
1276 1588 1277 1597 2

174 1608 240 1675 οἷόν
267 1636 325 1675 τινι
338 1663 339 1668 ,
352 1622 440 1698 φωνῇ
468 1614 651 1695 χρησάμενος
674 1610 691 1675 6
713 1612 786 1686 θεὸς
812 1612 845 1674 τὸ
872 1612 984 1674 οἰκεῖον
1011 1613 1096 1690 ύψος
1122 1613 1193 1674 6⁷⁶6-

135 1734 160 1774 ιι
175 1712 250 1784 δειξε
281 1709 331 1772 καλ
364 1709 450 1784 δέους
482 1709 581 1772 αὐτῶν
612 1711 664 1786 τάς
695 1711 796 1793 ψυχάς
824 1710 1001 1792 ἐπλήρωσεν.
1047 1711 1193 1793 προειδὼς

174 1810 277 1871 τοίνυν
304 1806 320 1870 6
347 1807 533 1889 προφητικδς
559 1808 645 1891 λόγος
671 1808 727 1888 τὴν
751 1804 905 1872 Ἰουδαίων
933 1807 999 1890 περλ
1026 1809 1080 1882 τάς
1107 1811 1194 1882 θείας

173 1906 291 1990 γραφάς
313 1908 533 1989 παρερμηνείαν
555 1904 703 1970 άπύνοιάν
725 1930 754 1969 τε
776 1905 828 1968 καί
849 1905 993 1986 ἀθέτησιν
1016 1907 1078 1987 ἐφη
1102 1905 1145 1981 ὡς
1161 1907 1193 1970 ἐκ
1279 1969 1282 1981 ,

173 2006 334 2088 προσώπου
370 2013 424 2066 τού
459 2004 726 2087 προφητευομένου
762 2004 859 2086 ὥσπερ
899 2006 1193 2085 προασφαλιζύμενος

174 2103 283 2177 αύτούς
306 2102 356 2164 καλ
376 2101 479 2184 λέγων·
504 2103 660 2184 σχολάσατε
678 2101 729 2164 καί
746 2112 838 2184 γνῶτε
856 2102 901 2165 ὅτι
919 2102 976 2184 ἐγώ
995 2103 1056 2181 είμι
1075 2101 1092 2165 6
1111 2104 1193 2181 θεύς,

134 2201 191 2264 τού
213 2200 330 2281 δηλαδὴ
352 2210 444 2262 ταῦτα
465 2206 623 2281 κατορθῶν
645 2200 696 2262 καλ
718 2195 773 2279 ὑφ’
798 2199 885 2279 ὑμῶν
901 2198 1081 2281 -άθετηθείς,
1106 2200 1194 2280 6420>-

174 2299 308 2380 θήσομαι
330 2298 363 2360 ἐν
385 2305 446 2374 τοῖς
468 2299 603 2378 ἔθνεσιν,
624 2297 832 2377 ύψυθήσομαι
854 2297 888 2360 ἐν
909 2307 945 2383 τῇ
968 2307 1016 2384 γῇ.
1063 2296 1141 2379 ἡμῖν
1161 2298 1194 2360 δὲ

174 2399 369 2478 παραδηλῶν,
396 2397 440 2471 τίς
468 2390 554 2470 ούτύς
581 2397 674 2476 ἐστιν,
701 2396 752 2459 καλ
779 2396 876 2478 ὥσπερ
899 2396 1194 2477 συνενφραινόμενος

174 2495 286 2576 ἐπάγει·
309 2495 411 2576 κύριος
434 2505 493 2556 τῶν
516 2495 674 2575 δυνάμεων
694 2488 762 2574 μεθ’
784 2492 880 2575 ἡμῶν,
899 2493 1087 2576 άντιλήπτωρ
1106 2491 1192 2574 ἡμῶν

174 2590 190 2655 6
220 2591 292 2666 θεὸς
321 2587 433 2674 Ἰακώβ.
480 2603 532 2654 τοῦ
565 2590 597 2654 δέ
628 2592 731 2674 Ἰακδιβ
763 2592 818 2674 την
850 2592 972 2672 μνήμην
999 2592 1060 2679 οὐχ
1093 2590 1193 2664 άπλῶς

135 2713 159 2753 τι
174 2690 346 2770 ἐποιήσατο,
378 2689 443 2751 ἀλλ’
475 2690 577 2770 ἐπειδὴ
609 2701 724 2772 πρῶτος
760 2690 872 2764 ἐκεῖνος
907 2691 964 2770 τὴν
997 2700 1058 2751 τῶν
1090 2690 1192 2752 ἐθνῶν

246 2885 332 2934 7-15
345 2879 512 2942 ,Τλιοοδοτοδ
523 2879 554 2934 in
562 2879 665 2934 Psalm.
676 2885 719 2948 46,
730 2883 745 2932 7
761 2879 858 2950 Migne
870 2884 938 2934 1204
947 2877 978 2933 B.
989 2910 1023 2919 -
1040 2884 1074 2933 1⁹
1088 2879 1191 2933 Psalm.

174 2957 208 3006 45
223 2954 287 3022 (46),
299 2958 339 3008 11.
355 2982 389 2992 —
404 2955 437 3004 23
452 2951 553 3006 Psalm.
569 2955 603 3005 45
613 2954 678 3022 (46),
689 2958 730 3005 12.
747 2983 781 2992 -
796 2956 902 3021 24-12.
917 2955 1006 3018 mr>
1021 2949 1190 3005 Theodoret.

173 3025 203 3078 in
220 3024 323 3079 Psalm.
339 3028 380 3089 45,
397 3028 413 3077 8
432 3022 529 3093 Migne
548 3027 618 3077 1204
629 3021 657 3077 G.

244 3197 260 3247 b
280 3187 331 3247 ούν
350 3210 400 3248 om.
415 3191 472 3246 AB.
492 3224 525 3233 -
544 3190 717 3264 συμβέβηκεν
735 3191 770 3245 N.
790 3223 825 3232 —
844 3197 859 3244 6
880 3189 974 3245 ἐθέλοι
992 3207 1026 3244 m.
1042 3197 1059 3245 1
1074 3208 1143 3247 corr.
1158 3209 1192 3247 ex

173 3263 253 3318 θέλοι
267 3265 288 3318 F
305 3262 383 3318 θέλει
397 3263 461 3317 ΒΜ.
478 3295 510 3304 -
526 3267 541 3317 9
556 3270 607 3332 τῆς
620 3262 674 3333 γδιρ
688 3260 772 3326 θείας
786 3263 833 3316 AF
850 3261 902 3331 γάρ
917 3279 967 3317 om.
976 3261 1006 3315 B.
1023 3292 1057 3302 —
1074 3269 1107 3316 15
1121 3281 1191 3329 προ-

174 3333 275 3394 ιδὼςΟ
292 3338 418 3400 προιδῶν
431 3334 464 3387 A.
480 3366 514 3375 -
535 3340 567 3387 16
585 3330 718 3388 ίουδαίαν
733 3333 784 3388 RV
800 3342 855 3388 τῶν
870 3330 1006 3388 ίουδαίων
1019 3333 1051 3386 Β.
1067 3365 1101 3374 -
1121 3339 1156 3387 20
1176 3332 1191 3386 6

174 3401 485 3472 δηλαδὴ-άθετηθείς
502 3421 552 3459 om.
568 3403 678 3458 BGFR.
698 3435 733 3444 -
751 3401 803 3472 ὑφ’
820 3403 897 3473 ἡμῶν
915 3402 1005 3456 DHV.

246 3571 262 3617 ὅ
282 3564 460 3633 άνταναίρων
477 3568 507 3623 Ρ.
527 3600 560 3610 -
581 3575 613 3622 21
633 3570 824 3640 ύψωθήσομαι
844 3539 875 3626 έν
893 3580 926 3643 τῇ
945 3544 980 3643 γῇ
999 3588 1050 3626 om.
1069 3571 1100 3625 P.
