2617 3909
539 263 728 314 ΧΡοΝΠιον
1070 262 1135 328 355

125 409 251 489 σώματι,
278 419 364 472 τοῦτο
392 415 455 483 ταῖς
477 416 588 491 ψυχαῖς
611 419 664 490 τῆς
686 408 830 490 ἀληθείας
852 407 872 489 ἡ
895 420 1016 493 γνῶσις,
1047 412 1077 485 ἐξ
1099 405 1137 490 ής

123 505 143 587 ἡ
167 509 273 588 βεβαία
295 507 345 569 καί
367 505 531 588 όρθόδοξος
554 510 664 589 γίνεται
687 510 790 582 πίστις.
827 509 881 589 χρὴ
900 511 1004 571 τοίνυν
1027 509 1063 572 οὐ
1083 510 1135 589 μό-

123 627 177 666 νον
204 604 315 666 είδίναι
342 605 372 666 τί
396 606 538 686 προσήκει
564 606 630 689 περί
658 612 733 668 θεοῦ
761 608 907 687 δοξάζειν,
937 606 1010 668 ἀλλά
1032 631 1064 689 γε
1087 607 1136 690 καὶ

122 702 197 763 κατὰ
223 702 293 776 τοῦς
319 702 433 765 ἐκείνου
460 708 556 776 καλῶς
582 703 632 765 καὶ
660 702 760 777 άπλῶς
786 705 993 767 πολιτεύεσθαι
1015 705 1136 786 νόμους.

123 801 173 862 δεῖ
199 800 254 882 γὰρ
287 801 356 874 τοὺς
383 810 436 880 τῆς
462 800 611 881 εὐσεβείας
637 801 759 882 ἐραστάς
787 803 827 882 μὴ
855 801 949 883 μόνον
976 803 1135 884 θεολογίαν
1163 824 1176 864 5

122 898 172 960 καὶ
195 900 390 981 φυσιολογίαν
412 899 618 975 παιδεύεσθαι,
641 899 714 961 ἀλλὰ
736 899 786 961 καὶ
808 899 878 974 τοὺς
901 911 953 980 τῆς
973 910 1136 983 πρακτικῆς

122 996 226 1079 ἀρετῆς
253 996 453 1077 ἐκμανθάνειν
480 995 610 1079 ἀκριβῶς
636 997 756 1077 νόμους.
802 998 873 1060 ὥστε
902 991 957 1060 οὖν
984 996 1004 1078 ή
1027 1007 1135 1080 γνῶσις

123 1096 214 1156 δεῖται
245 1105 297 1174 τῆς
328 1105 505 1176 πρακτικῆς,
537 1093 578 1167 ὡς
609 1094 659 1156 καὶ
691 1093 711 1175 ή
738 1096 883 1176 πρακτική
913 1106 965 1176 τῆς
992 1097 1134 1178 γνώσεως.

122 1193 196 1254 ὅθεν
227 1192 322 1272 φησὶν
353 1191 369 1255 6
401 1193 515 1273 κύριος’
548 1190 581 1265 ὃς
608 1191 647 1254 διν
674 1195 785 1278 ποιήσῃ
812 1193 863 1254 καὶ
895 1195 1016 1279 διδάξῃ,
1049 1187 1136 1267 οὗτος

121 1288 211 1372 μέγας
233 1291 414 1370 κληθήσεται
436 1290 468 1353 ἕν
491 1300 526 1375 τῃ
550 1292 682 1375 βασιλείᾳ
704 1301 763 1352 τῶν
782 1291 926 1373 οὐρανῶν.
967 1291 1022 1354 οὐκ
1040 1286 1133 1352 εἶπεν·
1149 1315 1176 1354 ιο

121 1385 155 1463 δς
177 1387 215 1450 ἀν
236 1389 348 1473 ποιήσῃ
372 1389 475 1469 μόνον,
505 1388 578 1450 ἀλλὰ
600 1390 662 1450 καί
687 1390 804 1474 διδάξῃ·
829 1390 856 1451 εί
877 1389 932 1472 γδιρ
955 1388 1038 1472 ήρκει
1060 1390 1135 1472 πρὸς

121 1486 282 1566 τελειότητα
309 1485 341 1548 τὸ
368 1496 491 1566 ποιήσαι
521 1488 615 1566 μόνον
641 1485 692 1548 καί
718 1486 806 1569 χωρίς
833 1498 886 1549 τοῦ
914 1489 1031 1562 διδάξαι
1058 1485 1078 1568 ἢ
1101 1488 1134 1550 τὸ

122 1585 239 1659 διδάξαι
266 1583 359 1664 μόνον
386 1582 458 1646 ἀνευ
486 1594 539 1645 τοῦ
566 1594 688 1664 ποιήσαι
714 1584 853 1667 γενέσθαι
880 1583 987 1668 με’γαυ,
1017 1585 1073 1648 οὐκ
1095 1583 1134 1647 ἀν

121 1680 212 1762 ἀμφω
240 1681 391 1757 συνίζευξε
417 1681 521 1765 λέγων·
554 1679 588 1756 δς
615 1680 653 1743 διν
681 1684 792 1768 ποιήσῃ
820 1683 870 1745 καὶ
899 1684 1013 1769 διδάξῃ.
1059 1684 1132 1765 άπερ

122 1780 160 1860 δή
183 1781 375 1862 κατορθώσας
397 1779 486 1853 αὐτὸς
508 1777 657 1861 ἀραρότως
677 1780 734 1842 κάν
752 1782 845 1866 τούτῳ
863 1783 1042 1865 προσφόρως
1060 1779 1133 1861 ήμῖν
1148 1803 1173 1843 ιι

119 1877 312 1960 ότιογραμμὸς
342 1877 392 1939 καὶ
419 1878 511 1951 τύπος
538 1876 655 1959 ἀριστος
681 1878 853 1960 γενόμενος,
885 1879 1084 1961 ἐμαρτύρησεν
1117 1879 1132 1942 6

120 1977 259 2055 μαθητής
281 1975 374 2038 αὐτοῦ
397 1975 489 2058 λέγων
511 1976 653 2059 ἐναργῶς·
678 1969 720 2037 ὧν
742 1975 850 2058 ήρξατο
871 1971 1018 2055 δἸῃσοῦς
1036 1983 1133 2038 ποιεῖν

118 2097 148 2136 τε
170 2073 221 2134 καί
244 2075 401 2136 διδάσκειν.
439 2072 455 2134 6
478 2074 533 2155 γάρ
556 2074 594 2153 δή
618 2076 697 2136 οὕτω
715 2075 869 2156 ῥυθμίζων
887 2073 937 2135 καὶ
956 2075 1132 2155 διαμορφῶν

119 2171 175 2250 τὴν
201 2170 304 2252 ψυχὴν
332 2171 368 2232 οά
396 2171 489 2250 μόνον
516 2182 575 2232 τῶν
604 2172 698 2233 θείων
724 2170 826 2250 νόμων
853 2171 922 2243 τοὺς
950 2180 1132 2252 χαρακτῆρας

119 2269 264 2350 ἕκμάττει,
296 2267 370 2331 ἀλλὰ
400 2268 450 2330 καί
477 2278 531 2330 τοῦ
558 2267 725 2348 νομοθέτου
752 2269 830 2342 ζῶσά
856 2291 900 2340 τις
926 2267 1014 2329 εἰκὼν
1040 2266 1132 2342 όντως
1146 2292 1172 2332 ιο

118 2366 169 2428 καὶ
191 2367 293 2448 λογική
312 2369 430 2449 γίνεται.
470 2365 634 2428 κάντεῦθίν
658 2384 751 2446 φήσιν
775 2364 790 2427 6
814 2364 867 2446 μὲν
890 2365 1063 2440 ἀπόστολος·
1087 2368 1132 2449 γί-

118 2471 207 2526 νεσθε
230 2464 353 2545 μιμηταὶ
375 2474 428 2527 τοῦ
450 2471 538 2528 θεοῦ·
563 2464 579 2528 6
604 2463 634 2526 δὲ
658 2465 772 2547 κύριος·
796 2466 915 2546 γίνεσθε
938 2463 1061 2544 μιμηταί
1078 2474 1131 2525 τοῦ

191 2641 260 2690 7-8
279 2636 445 2691 Theodoret.
464 2637 499 2691 ι’ῦ.
519 2635 571 2689 XII
588 2636 684 2706 Migne
704 2634 811 2690 11280.
832 2667 864 2676 -
885 2641 900 2689 9
919 2636 1020 2689 Matth.
1041 2641 1128 2705 σ,19.

117 2709 380 2776 -11Αο1.1,1.
409 2740 443 2747 -
472 2713 576 2777 18-ρ.
597 2713 692 2775 366,1
717 2707 882 2762 Theodoret.
906 2707 1071 2762 11111241).
1097 2739 1130 2748 -

117 2778 650 2848 21Eph.5‚1.—22Matth.5‚45.

191 2937 205 2985 1
226 2932 351 3001 σώματος
364 2929 499 2984 ACELV.
515 2962 548 2970 -
563 2929 592 2995 ἐξ
606 2924 640 2997 ἧς
653 2930 702 2983 καλ
716 2929 733 2999 ἡ
747 2928 781 2982 Ν.
797 2961 831 2969 —-
851 2928 1015 2998 δπροσήκει
1028 2946 1079 2983 om.
1094 2929 1128 2982 N.

117 3034 152 3042 -
176 3007 192 3056 σ
216 3000 518 3074 εὐσεβείας-μῶσο,
534 3006 567 3055 18
590 2999 745 3072 γινομένων
768 3001 865 3056 desunt
886 2999 959 3054 ικΕ
983 3016 1040 3054 κκο
1061 3001 1129 3068 folio

116 3076 251 3129 interciso.
267 3105 301 3114 -
320 3078 336 3126 9
354 3072 465 3140 ποιήσει
479 3071 608 3127 ACFMP
624 3074 688 3128 item
702 3089 725 3126 ο.
742 3077 783 3125 11.
799 3103 832 3111 -
852 3070 961 3137 διδάξει
974 3069 1047 3124 AGF
1066 3074 1130 3126 item

116 3163 141 3200 υ.
158 3150 199 3198 11.
222 3177 257 3185 -—
282 3150 315 3198 12
338 3145 387 3198 καλ
410 3161 461 3199 ουτ.
480 3144 530 3197 FN
539 3144 604 3199 Exc.
629 3177 662 3184 -
689 3149 721 3196 13
740 3142 810 3212 μέγα
833 3143 913 3196 codd.
931 3149 1041 3212 praeter
1059 3141 1130 3194 FPV

116 3213 188 3286 μέγα
201 3233 252 3286 εις.
267 3217 306 3270 λῶ.
321 3215 590 3270 muslitt.1‹2x0.-
607 3221 640 3270 14
654 3213 765 3281 ποιήσει
774 3213 820 3268 Ac
826 3214 885 3268 PM.
901 3245 934 3254 -
949 3214 1058 3279 διδάξει
1073 3211 1128 3266 OF.

117 3319 151 3327 -
173 3293 205 3341 17
220 3288 343 3358 ἐναργῶς
356 3305 406 3342 ονε.
422 3285 470 3340 LR
479 3286 544 3341 Exc.
559 3318 592 3326 -
608 3293 641 3340 21
658 3302 744 3355 φησιν
758 3302 808 3340 om.
823 3285 870 3338 AF
889 3286 935 3340 sed
949 3285 970 3337 F
979 3292 1045 3353 post
1057 3288 1129 3339 θεοῦ

116 3360 221 3412 inserit.
240 3390 275 3398 -
299 3358 362 3429 μὲν]
385 3356 470 3427 μέγας
488 3356 509 3412 0
527 3375 576 3412 ονε.
592 3357 692 3412 VExc.
716 3388 752 3396 —
774 3355 904 3427 γίνεσθαι
923 3355 1128 3410 AOFMPExc.

116 3460 151 3470 —
171 3435 204 3483 22
224 3427 354 3499 γίνεσθαι
372 3428 527 3483 AOMExc.

189 3576 204 3623 3
219 3571 347 3638 περὶτοῦ
360 3573 432 3625 θεοῦ
446 3569 468 3622 Ρ
483 3570 557 3638 (περὶ
569 3579 619 3625 τοῦ
633 3567 718 3625 θείου
732 3571 856 3640 Theoti).
873 3603 905 3612 -
923 3577 940 3624 4
955 3571 1085 3634 ἀπλανῶς
1098 3570 1126 3623 P.

116 3673 151 3683 —
171 3648 204 3696 17
224 3642 342 3711 φάσκων
360 3642 389 3695 P.
409 3673 443 3681 —
462 3646 496 3695 20
515 3641 658 3711 ἐκμάττειν
677 3642 706 3696 Ρ.
1109 3687 1112 3694 .

916 3731 968 3784 23*
