<?xml version="1.0" encoding="UTF-8"?>
<!DOCTYPE html PUBLIC "-//W3C//DTD XHTML 1.0 Transitional//EN"
    "http://www.w3.org/TR/xhtml1/DTD/xhtml1-transitional.dtd">
<html xmlns="http://www.w3.org/1999/xhtml" xml:lang="en" lang="en">
 <head>
  <title>
</title>
<meta http-equiv="Content-Type" content="text/html;charset=utf-8" />
  <meta name='ocr-system' content='tesseract 3.04.00' />
  <meta name='ocr-capabilities' content='ocr_page ocr_carea ocr_par ocr_line ocrx_word'/>
</head>
<body>
  <div class='ocr_page' id='page_1' title='image "./georgiimonachic01boorgoog_0119.png"; bbox 0 0 2617 3909; ppageno 0'>
   <div class='ocr_carea' id='block_1_1' title="bbox 524 243 1123 307">
    <p class='ocr_par' dir='ltr' id='par_1_1' title="bbox 524 243 1123 307">
     <span class='ocr_line' id='line_1_1' title="bbox 524 243 1123 307; baseline -0.003 -12"><span class='ocrx_word' id='word_1_1' title='bbox 524 244 713 295; x_wconf 74' lang='lat' dir='ltr'>XPONIKON</span> <span class='ocrx_word' id='word_1_2' title='bbox 1083 243 1123 307; x_wconf 85' lang='lat'><strong><em>31</em></strong></span> 
     </span>
    </p>
   </div>
   <div class='ocr_carea' id='block_1_2' title="bbox 110 389 1209 3216">
    <p class='ocr_par' dir='ltr' id='par_1_2' title="bbox 110 389 1209 3216">
     <span class='ocr_line' id='line_1_2' title="bbox 184 389 1128 471; baseline -0.001 -18"><span class='ocrx_word' id='word_1_3' title='bbox 184 393 271 453; x_wconf 84' lang='grc' dir='ltr'><strong><em>Οίίτω</em></strong></span> <span class='ocrx_word' id='word_1_4' title='bbox 298 393 402 453; x_wconf 89' lang='grc' dir='ltr'><strong><em>τοίνυν</em></strong></span> <span class='ocrx_word' id='word_1_5' title='bbox 428 389 479 452; x_wconf 85' lang='grc' dir='ltr'><strong><em>καῖ</em></strong></span> <span class='ocrx_word' id='word_1_6' title='bbox 506 389 576 471; x_wconf 88' lang='grc' dir='ltr'><strong><em>μετδι</em></strong></span> <span class='ocrx_word' id='word_1_7' title='bbox 598 392 740 470; x_wconf 86' lang='grc' dir='ltr'><strong><em>τοιαύτης</em></strong></span> <span class='ocrx_word' id='word_1_8' title='bbox 769 395 873 471; x_wconf 81' lang='grc' dir='ltr'><strong><em>στολῆς</em></strong></span> <span class='ocrx_word' id='word_1_9' title='bbox 901 415 930 453; x_wconf 88' lang='grc' dir='ltr'><strong><em>τε</em></strong></span> <span class='ocrx_word' id='word_1_10' title='bbox 961 390 1012 452; x_wconf 82' lang='grc' dir='ltr'><strong><em>καὶ</em></strong></span> <span class='ocrx_word' id='word_1_11' title='bbox 1039 390 1128 471; x_wconf 81' lang='grc' dir='ltr'><strong><em>δόξης</em></strong></span> 
     </span>
     <span class='ocr_line' id='line_1_3' title="bbox 113 488 1126 571; baseline 0 -19"><span class='ocrx_word' id='word_1_12' title='bbox 113 489 267 569; x_wconf 82' lang='grc' dir='ltr'><strong><em>μετὰτῶν</em></strong></span> <span class='ocrx_word' id='word_1_13' title='bbox 288 497 401 552; x_wconf 86' lang='grc' dir='ltr'><strong><em>λοιπῶν</em></strong></span> <span class='ocrx_word' id='word_1_14' title='bbox 424 488 524 571; x_wconf 77' lang='grc' dir='ltr'><strong><em>ἱερέων</em></strong></span> <span class='ocrx_word' id='word_1_15' title='bbox 551 489 601 551; x_wconf 81' lang='grc' dir='ltr'><strong><em>καὶ</em></strong></span> <span class='ocrx_word' id='word_1_16' title='bbox 628 499 681 550; x_wconf 88' lang='grc' dir='ltr'><strong><em>τοῦ</em></strong></span> <span class='ocrx_word' id='word_1_17' title='bbox 709 495 861 552; x_wconf 76' lang='grc' dir='ltr'><strong><em>πολιτικοῦ</em></strong></span> <span class='ocrx_word' id='word_1_18' title='bbox 888 490 1026 569; x_wconf 78' lang='grc' dir='ltr'><strong><em>πλήθους</em></strong></span> <span class='ocrx_word' id='word_1_19' title='bbox 1051 491 1126 570; x_wconf 78' lang='grc' dir='ltr'><strong><em>ἱερο-</em></strong></span> 
     </span>
     <span class='ocr_line' id='line_1_4' title="bbox 112 585 1126 670; baseline -0.002 -20"><span class='ocrx_word' id='word_1_20' title='bbox 112 598 212 670; x_wconf 78' lang='grc' dir='ltr'><strong><em>πρεπῆ</em></strong></span> <span class='ocrx_word' id='word_1_21' title='bbox 238 587 289 650; x_wconf 84' lang='grc' dir='ltr'><strong><em>κάῖ</em></strong></span> <span class='ocrx_word' id='word_1_22' title='bbox 316 586 517 668; x_wconf 84' lang='grc' dir='ltr'><strong><em>διαφέρουσαν</em></strong></span> <span class='ocrx_word' id='word_1_23' title='bbox 544 598 603 649; x_wconf 92' lang='grc' dir='ltr'><strong><em>τῶν</em></strong></span> <span class='ocrx_word' id='word_1_24' title='bbox 629 586 726 650; x_wconf 87' lang='grc' dir='ltr'><strong><em>άλλων</em></strong></span> <span class='ocrx_word' id='word_1_25' title='bbox 756 587 855 649; x_wconf 80' lang='grc' dir='ltr'><strong><em>ἐθνῶν</em></strong></span> <span class='ocrx_word' id='word_1_26' title='bbox 884 588 1084 667; x_wconf 81' lang='grc' dir='ltr'><strong><em>ποιησάμενος</em></strong></span> <span class='ocrx_word' id='word_1_27' title='bbox 1110 585 1126 648; x_wconf 89' lang='grc' dir='ltr'><strong><em>ό</em></strong></span> 
     </span>
     <span class='ocr_line' id='line_1_5' title="bbox 112 684 1125 768; baseline -0.002 -20"><span class='ocrx_word' id='word_1_28' title='bbox 112 685 262 768; x_wconf 81' lang='grc' dir='ltr'><strong><em>ἀρχιερεύς</em></strong></span> <span class='ocrx_word' id='word_1_29' title='bbox 288 687 344 766; x_wconf 77' lang='grc' dir='ltr'><strong><em>τὴν</em></strong></span> <span class='ocrx_word' id='word_1_30' title='bbox 370 685 535 764; x_wconf 73' lang='grc' dir='ltr'><strong><em>ὑπάντησιν</em></strong></span> <span class='ocrx_word' id='word_1_31' title='bbox 565 685 607 758; x_wconf 87' lang='grc' dir='ltr'><strong><em>είς</em></strong></span> <span class='ocrx_word' id='word_1_32' title='bbox 636 685 728 748; x_wconf 89' lang='grc' dir='ltr'><strong><em>τόπον</em></strong></span> <span class='ocrx_word' id='word_1_33' title='bbox 760 684 904 766; x_wconf 75' lang='grc' dir='ltr'><strong><em>ἐπίσημον</em></strong></span> <span class='ocrx_word' id='word_1_34' title='bbox 936 686 1018 766; x_wconf 78' lang='grc' dir='ltr'><strong><em>ἔστη,</em></strong></span> <span class='ocrx_word' id='word_1_35' title='bbox 1050 685 1125 747; x_wconf 85' lang='grc' dir='ltr'><strong><em>ένθα</em></strong></span> 
     </span>
     <span class='ocr_line' id='line_1_6' title="bbox 112 770 1166 865; baseline 0 -19"><span class='ocrx_word' id='word_1_36' title='bbox 112 785 236 862; x_wconf 88' lang='grc' dir='ltr'><strong><em>μάλιστα</em></strong></span> <span class='ocrx_word' id='word_1_37' title='bbox 259 782 279 863; x_wconf 77' lang='grc' dir='ltr'><em>ἡ</em></span> <span class='ocrx_word' id='word_1_38' title='bbox 299 770 474 865; x_wconf 71' lang='grc' dir='ltr'><strong><em>περικάλλὴς</em></strong></span> <span class='ocrx_word' id='word_1_39' title='bbox 501 792 555 845; x_wconf 90' lang='grc' dir='ltr'><strong><em>τοῦ</em></strong></span> <span class='ocrx_word' id='word_1_40' title='bbox 576 793 653 845; x_wconf 92' lang='grc' dir='ltr'><strong><em>ναοῦ</em></strong></span> <span class='ocrx_word' id='word_1_41' title='bbox 680 783 830 865; x_wconf 88' lang='grc' dir='ltr'><strong><em>πρόσοψις</em></strong></span> <span class='ocrx_word' id='word_1_42' title='bbox 857 783 1032 861; x_wconf 79' lang='grc' dir='ltr'><strong><em>ἐξεφαίνετο.</em></strong></span> <span class='ocrx_word' id='word_1_43' title='bbox 1077 782 1127 844; x_wconf 82' lang='grc' dir='ltr'><strong><em>καί</em></strong></span> <span class='ocrx_word' id='word_1_44' title='bbox 1154 805 1166 846; x_wconf 82' lang='grc' dir='ltr'><strong><em>ι</em></strong></span> 
     </span>
     <span class='ocr_line' id='line_1_7' title="bbox 111 879 1128 962; baseline -0.001 -20"><span class='ocrx_word' id='word_1_45' title='bbox 111 882 145 945; x_wconf 90' lang='grc' dir='ltr'><strong><em>τό</em></strong></span> <span class='ocrx_word' id='word_1_46' title='bbox 173 881 228 961; x_wconf 72' lang='grc' dir='ltr'><strong><em>μέν</em></strong></span> <span class='ocrx_word' id='word_1_47' title='bbox 255 887 373 961; x_wconf 78' lang='grc' dir='ltr'><strong><em>πλῆθος</em></strong></span> <span class='ocrx_word' id='word_1_48' title='bbox 398 881 556 962; x_wconf 86' lang='grc' dir='ltr'><strong><em>πόρρωθεν</em></strong></span> <span class='ocrx_word' id='word_1_49' title='bbox 583 879 657 942; x_wconf 81' lang='grc' dir='ltr'><strong><em>ι’δόον</em></strong></span> <span class='ocrx_word' id='word_1_50' title='bbox 689 880 705 943; x_wconf 87' lang='grc' dir='ltr'><strong><em>δ</em></strong></span> <span class='ocrx_word' id='word_1_51' title='bbox 733 879 920 962; x_wconf 78' lang='grc' dir='ltr'><strong><em>Ἀλέξανδρος</em></strong></span> <span class='ocrx_word' id='word_1_52' title='bbox 951 881 983 943; x_wconf 88' lang='grc' dir='ltr'><strong><em>έν</em></strong></span> <span class='ocrx_word' id='word_1_53' title='bbox 1011 887 1128 955; x_wconf 88' lang='grc' dir='ltr'><strong><em>λευκαῖς</em></strong></span> 
     </span>
     <span class='ocr_line' id='line_1_8' title="bbox 112 976 1127 1060; baseline -0.001 -19"><span class='ocrx_word' id='word_1_54' title='bbox 112 986 240 1059; x_wconf 91' lang='grc' dir='ltr'><strong><em>στολαῖς,</em></strong></span> <span class='ocrx_word' id='word_1_55' title='bbox 262 979 332 1053; x_wconf 81' lang='grc' dir='ltr'><strong><em>τούς</em></strong></span> <span class='ocrx_word' id='word_1_56' title='bbox 349 976 382 1040; x_wconf 80' lang='grc' dir='ltr'><strong><em>δέ</em></strong></span> <span class='ocrx_word' id='word_1_57' title='bbox 400 979 486 1059; x_wconf 80' lang='grc' dir='ltr'><strong><em>ἱερεῖς</em></strong></span> <span class='ocrx_word' id='word_1_58' title='bbox 503 989 687 1060; x_wconf 79' lang='grc' dir='ltr'><strong><em>προεστῶτας</em></strong></span> <span class='ocrx_word' id='word_1_59' title='bbox 705 979 737 1041; x_wconf 86' lang='grc' dir='ltr'><strong><em>έν</em></strong></span> <span class='ocrx_word' id='word_1_60' title='bbox 755 980 910 1059; x_wconf 79' lang='grc' dir='ltr'><strong><em>βυσσίναις</em></strong></span> <span class='ocrx_word' id='word_1_61' title='bbox 929 979 999 1058; x_wconf 85' lang='grc' dir='ltr'><strong><em>μετὰ</em></strong></span> <span class='ocrx_word' id='word_1_62' title='bbox 1017 984 1127 1060; x_wconf 75' lang='grc' dir='ltr'><strong><em>πολλῆς</em></strong></span> 
     </span>
     <span class='ocr_line' id='line_1_9' title="bbox 112 1074 1127 1162; baseline -0.003 -22"><span class='ocrx_word' id='word_1_63' title='bbox 112 1076 248 1151; x_wconf 75' lang='grc' dir='ltr'><strong><em>εὐταξίας</em></strong></span> <span class='ocrx_word' id='word_1_64' title='bbox 275 1076 325 1138; x_wconf 81' lang='grc' dir='ltr'><strong><em>καί</em></strong></span> <span class='ocrx_word' id='word_1_65' title='bbox 352 1076 542 1157; x_wconf 83' lang='grc' dir='ltr'><strong><em>σεμνότητος,</em></strong></span> <span class='ocrx_word' id='word_1_66' title='bbox 569 1075 621 1138; x_wconf 85' lang='grc' dir='ltr'><strong><em>τόν</em></strong></span> <span class='ocrx_word' id='word_1_67' title='bbox 647 1075 680 1138; x_wconf 79' lang='grc' dir='ltr'><strong><em>δέ</em></strong></span> <span class='ocrx_word' id='word_1_68' title='bbox 702 1074 834 1159; x_wconf 76' lang='grc' dir='ltr'><strong><em>ἀρχιερέα</em></strong></span> <span class='ocrx_word' id='word_1_69' title='bbox 857 1076 889 1138; x_wconf 88' lang='grc' dir='ltr'><strong><em>έν</em></strong></span> <span class='ocrx_word' id='word_1_70' title='bbox 912 1076 1049 1162; x_wconf 76' lang='grc' dir='ltr'><strong><em>ὑακίνθῳ</em></strong></span> <span class='ocrx_word' id='word_1_71' title='bbox 1076 1075 1127 1137; x_wconf 83' lang='grc' dir='ltr'><strong><em>καῖ</em></strong></span> 
     </span>
     <span class='ocr_line' id='line_1_10' title="bbox 113 1173 1209 1262; baseline 0.002 -25"><span class='ocrx_word' id='word_1_72' title='bbox 113 1176 261 1262; x_wconf 74' lang='grc' dir='ltr'><strong><em>διαχρύσῳ</em></strong></span> <span class='ocrx_word' id='word_1_73' title='bbox 289 1175 389 1260; x_wconf 77' lang='grc' dir='ltr'><strong><em>κόσμῳ</em></strong></span> <span class='ocrx_word' id='word_1_74' title='bbox 416 1173 466 1236; x_wconf 78' lang='grc' dir='ltr'><strong><em>καὶ</em></strong></span> <span class='ocrx_word' id='word_1_75' title='bbox 493 1173 541 1237; x_wconf 82' lang='grc' dir='ltr'><strong><em>ἕπλ</em></strong></span> <span class='ocrx_word' id='word_1_76' title='bbox 568 1184 621 1254; x_wconf 80' lang='grc' dir='ltr'><strong><em>της</em></strong></span> <span class='ocrx_word' id='word_1_77' title='bbox 643 1179 774 1253; x_wconf 76' lang='grc' dir='ltr'><strong><em>κεφαλῆς</em></strong></span> <span class='ocrx_word' id='word_1_78' title='bbox 801 1174 855 1253; x_wconf 78' lang='grc' dir='ltr'><strong><em>τὴν</em></strong></span> <span class='ocrx_word' id='word_1_79' title='bbox 878 1175 996 1256; x_wconf 79' lang='grc' dir='ltr'><strong><em>κίδαριν</em></strong></span> <span class='ocrx_word' id='word_1_80' title='bbox 1023 1174 1125 1255; x_wconf 87' lang='grc' dir='ltr'><strong><em>έχοντα</em></strong></span> <span class='ocrx_word' id='word_1_81' title='bbox 1140 1197 1165 1237; x_wconf 78' lang='grc' dir='ltr'><strong><em>ει</em></strong></span> <span class='ocrx_word' id='word_1_82' title='bbox 1178 1198 1209 1239; x_wconf 68' lang='grc' dir='ltr'><strong><em>τε</em></strong></span> 
     </span>
     <span class='ocr_line' id='line_1_11' title="bbox 112 1260 1166 1356; baseline 0 -21"><span class='ocrx_word' id='word_1_83' title='bbox 112 1273 163 1336; x_wconf 83' lang='grc' dir='ltr'><strong><em>καί</em></strong></span> <span class='ocrx_word' id='word_1_84' title='bbox 190 1274 223 1335; x_wconf 89' lang='grc' dir='ltr'><strong><em>τό</em></strong></span> <span class='ocrx_word' id='word_1_85' title='bbox 250 1283 381 1356; x_wconf 79' lang='grc' dir='ltr'><strong><em>χρυσοῦν</em></strong></span> <span class='ocrx_word' id='word_1_86' title='bbox 408 1267 454 1334; x_wconf 76' lang='grc' dir='ltr'><strong><em>ἐπ’</em></strong></span> <span class='ocrx_word' id='word_1_87' title='bbox 479 1272 573 1352; x_wconf 81' lang='grc' dir='ltr'><strong><em>αὐτῆς</em></strong></span> <span class='ocrx_word' id='word_1_88' title='bbox 600 1273 725 1352; x_wconf 87' lang='grc' dir='ltr'><strong><em>έλασμα,</em></strong></span> <span class='ocrx_word' id='word_1_89' title='bbox 753 1260 831 1356; x_wconf 77' lang='grc' dir='ltr'><strong><em>ᾧτό</em></strong></span> <span class='ocrx_word' id='word_1_90' title='bbox 855 1282 907 1334; x_wconf 89' lang='grc' dir='ltr'><strong><em>τοῦ</em></strong></span> <span class='ocrx_word' id='word_1_91' title='bbox 930 1279 1005 1334; x_wconf 89' lang='grc' dir='ltr'><strong><em>θεοῦ</em></strong></span> <span class='ocrx_word' id='word_1_92' title='bbox 1033 1270 1127 1351; x_wconf 88' lang='grc' dir='ltr'><strong><em>όνομα</em></strong></span> <span class='ocrx_word' id='word_1_93' title='bbox 1141 1295 1166 1335; x_wconf 79' lang='grc' dir='ltr'><strong><em>1ο</em></strong></span> 
     </span>
     <span class='ocr_line' id='line_1_12' title="bbox 113 1368 1126 1455; baseline -0.004 -21"><span class='ocrx_word' id='word_1_94' title='bbox 113 1370 322 1454; x_wconf 76' lang='grc' dir='ltr'><strong><em>ἐπεγέγραπτο,</em></strong></span> <span class='ocrx_word' id='word_1_95' title='bbox 353 1369 458 1443; x_wconf 81' lang='grc' dir='ltr'><strong><em>καθὼς</em></strong></span> <span class='ocrx_word' id='word_1_96' title='bbox 483 1371 610 1452; x_wconf 72' lang='grc' dir='ltr'><strong><em>εἴρηται,</em></strong></span> <span class='ocrx_word' id='word_1_97' title='bbox 641 1369 692 1431; x_wconf 83' lang='grc' dir='ltr'><strong><em>καὶ</em></strong></span> <span class='ocrx_word' id='word_1_98' title='bbox 722 1368 769 1432; x_wconf 83' lang='grc' dir='ltr'><strong><em>έπλ</em></strong></span> <span class='ocrx_word' id='word_1_99' title='bbox 796 1379 831 1454; x_wconf 75' lang='grc' dir='ltr'><strong><em>τῇ</em></strong></span> <span class='ocrx_word' id='word_1_100' title='bbox 858 1369 926 1455; x_wconf 87' lang='grc' dir='ltr'><strong><em>ξένη</em></strong></span> <span class='ocrx_word' id='word_1_101' title='bbox 953 1369 1012 1454; x_wconf 77' lang='grc' dir='ltr'><strong><em>θέᾳ</em></strong></span> <span class='ocrx_word' id='word_1_102' title='bbox 1039 1392 1126 1430; x_wconf 79' lang='grc' dir='ltr'><strong><em>κατα-</em></strong></span> 
     </span>
     <span class='ocr_line' id='line_1_13' title="bbox 111 1464 1126 1552; baseline -0.003 -20"><span class='ocrx_word' id='word_1_103' title='bbox 111 1467 232 1552; x_wconf 75' lang='grc' dir='ltr'><strong><em>πλαγείς</em></strong></span> <span class='ocrx_word' id='word_1_104' title='bbox 262 1464 487 1548; x_wconf 82' lang='grc' dir='ltr'><strong><em>δἈλέξανδρος</em></strong></span> <span class='ocrx_word' id='word_1_105' title='bbox 513 1466 564 1529; x_wconf 86' lang='grc' dir='ltr'><strong><em>καλ</em></strong></span> <span class='ocrx_word' id='word_1_106' title='bbox 591 1467 651 1531; x_wconf 84' lang='grc' dir='ltr'><strong><em>ἀπό</em></strong></span> <span class='ocrx_word' id='word_1_107' title='bbox 681 1477 733 1529; x_wconf 91' lang='grc' dir='ltr'><strong><em>τοῦ</em></strong></span> <span class='ocrx_word' id='word_1_108' title='bbox 761 1468 890 1549; x_wconf 83' lang='grc' dir='ltr'><strong><em>άρμοπυς</em></strong></span> <span class='ocrx_word' id='word_1_109' title='bbox 917 1467 1012 1541; x_wconf 84' lang='grc' dir='ltr'><strong><em>εύθὺς</em></strong></span> <span class='ocrx_word' id='word_1_110' title='bbox 1038 1489 1126 1529; x_wconf 88' lang='grc' dir='ltr'><strong><em>κατα-</em></strong></span> 
     </span>
     <span class='ocr_line' id='line_1_14' title="bbox 111 1564 1126 1648; baseline -0.001 -19"><span class='ocrx_word' id='word_1_111' title='bbox 111 1568 250 1647; x_wconf 78' lang='grc' dir='ltr'><strong><em>πηδήσας</em></strong></span> <span class='ocrx_word' id='word_1_112' title='bbox 271 1565 322 1627; x_wconf 81' lang='grc' dir='ltr'><strong><em>καλ</em></strong></span> <span class='ocrx_word' id='word_1_113' title='bbox 339 1565 515 1648; x_wconf 81' lang='grc' dir='ltr'><strong><em>προσελθὼν</em></strong></span> <span class='ocrx_word' id='word_1_114' title='bbox 538 1564 629 1644; x_wconf 85' lang='grc' dir='ltr'><strong><em>μόνος</em></strong></span> <span class='ocrx_word' id='word_1_115' title='bbox 651 1568 852 1648; x_wconf 76' lang='grc' dir='ltr'><strong><em>προσεκύνησε</em></strong></span> <span class='ocrx_word' id='word_1_116' title='bbox 876 1566 908 1628; x_wconf 87' lang='grc' dir='ltr'><strong><em>τὸ</em></strong></span> <span class='ocrx_word' id='word_1_117' title='bbox 926 1572 1013 1628; x_wconf 85' lang='grc' dir='ltr'><strong><em>θεῖον</em></strong></span> <span class='ocrx_word' id='word_1_118' title='bbox 1033 1564 1126 1646; x_wconf 87' lang='grc' dir='ltr'><strong><em>όνομα</em></strong></span> 
     </span>
     <span class='ocr_line' id='line_1_15' title="bbox 110 1658 1124 1749; baseline -0.002 -22"><span class='ocrx_word' id='word_1_119' title='bbox 110 1664 162 1727; x_wconf 81' lang='grc' dir='ltr'><strong><em>καί</em></strong></span> <span class='ocrx_word' id='word_1_120' title='bbox 180 1665 233 1727; x_wconf 87' lang='grc' dir='ltr'><strong><em>τόν</em></strong></span> <span class='ocrx_word' id='word_1_121' title='bbox 250 1662 383 1746; x_wconf 75' lang='grc' dir='ltr'><strong><em>ἀρχιερέα</em></strong></span> <span class='ocrx_word' id='word_1_122' title='bbox 399 1663 565 1744; x_wconf 76' lang='grc' dir='ltr'><strong><em>ἠσπάσατο·</em></strong></span> <span class='ocrx_word' id='word_1_123' title='bbox 585 1661 621 1725; x_wconf 82' lang='grc' dir='ltr'><strong><em>δν</em></strong></span> <span class='ocrx_word' id='word_1_124' title='bbox 638 1665 746 1737; x_wconf 88' lang='grc' dir='ltr'><strong><em>πάντες</em></strong></span> <span class='ocrx_word' id='word_1_125' title='bbox 765 1666 796 1726; x_wconf 89' lang='grc' dir='ltr'><strong><em>οῖ</em></strong></span> <span class='ocrx_word' id='word_1_126' title='bbox 808 1658 950 1727; x_wconf 85' lang='grc' dir='ltr'><strong><em>Ἰουδαῖοι</em></strong></span> <span class='ocrx_word' id='word_1_127' title='bbox 967 1671 1020 1749; x_wconf 74' lang='grc' dir='ltr'><strong><em>μιᾷ</em></strong></span> <span class='ocrx_word' id='word_1_128' title='bbox 1036 1673 1124 1749; x_wconf 79' lang='grc' dir='ltr'><strong><em>φωνῇ</em></strong></span> 
     </span>
     <span class='ocr_line' id='line_1_16' title="bbox 111 1760 1165 1847; baseline 0 -22"><span class='ocrx_word' id='word_1_129' title='bbox 111 1764 170 1825; x_wconf 87' lang='grc' dir='ltr'><strong><em>σὺν</em></strong></span> <span class='ocrx_word' id='word_1_130' title='bbox 198 1769 238 1847; x_wconf 77' lang='grc' dir='ltr'><strong><em>τῷ</em></strong></span> <span class='ocrx_word' id='word_1_131' title='bbox 262 1761 392 1844; x_wconf 75' lang='grc' dir='ltr'><strong><em>ἀρχιερεῖ</em></strong></span> <span class='ocrx_word' id='word_1_132' title='bbox 417 1763 547 1843; x_wconf 78' lang='grc' dir='ltr'><strong><em>γνησίως</em></strong></span> <span class='ocrx_word' id='word_1_133' title='bbox 577 1760 811 1841; x_wconf 84' lang='grc' dir='ltr'><strong><em>ἀντησπάσαντο.</em></strong></span> <span class='ocrx_word' id='word_1_134' title='bbox 856 1773 915 1824; x_wconf 92' lang='grc' dir='ltr'><strong><em>τῶν</em></strong></span> <span class='ocrx_word' id='word_1_135' title='bbox 947 1761 980 1824; x_wconf 86' lang='grc' dir='ltr'><strong><em>δέ</em></strong></span> <span class='ocrx_word' id='word_1_136' title='bbox 1009 1785 1040 1844; x_wconf 83' lang='grc' dir='ltr'><strong><em>γε</em></strong></span> <span class='ocrx_word' id='word_1_137' title='bbox 1073 1771 1126 1842; x_wconf 81' lang='grc' dir='ltr'><strong><em>τῆς</em></strong></span> <span class='ocrx_word' id='word_1_138' title='bbox 1140 1784 1165 1825; x_wconf 79' lang='grc' dir='ltr'><strong><em>τε</em></strong></span> 
     </span>
     <span class='ocr_line' id='line_1_17' title="bbox 111 1858 1124 1942; baseline -0.002 -19"><span class='ocrx_word' id='word_1_139' title='bbox 111 1862 228 1942; x_wconf 56' lang='lat' dir='ltr'><strong><em>&gt;holong</em></strong></span> <span class='ocrx_word' id='word_1_140' title='bbox 255 1858 398 1940; x_wconf 86' lang='grc' dir='ltr'><strong><em>βασιλέων</em></strong></span> <span class='ocrx_word' id='word_1_141' title='bbox 424 1858 475 1920; x_wconf 81' lang='grc' dir='ltr'><strong><em>καί</em></strong></span> <span class='ocrx_word' id='word_1_142' title='bbox 501 1869 561 1920; x_wconf 89' lang='grc' dir='ltr'><strong><em>τῶν</em></strong></span> <span class='ocrx_word' id='word_1_143' title='bbox 583 1863 696 1922; x_wconf 90' lang='grc' dir='ltr'><strong><em>λοιπῶν</em></strong></span> <span class='ocrx_word' id='word_1_144' title='bbox 718 1860 963 1942; x_wconf 74' lang='grc' dir='ltr'><strong><em>καταπλαγέντων</em></strong></span> <span class='ocrx_word' id='word_1_145' title='bbox 988 1859 1038 1920; x_wconf 82' lang='grc' dir='ltr'><strong><em>καί</em></strong></span> <span class='ocrx_word' id='word_1_146' title='bbox 1066 1861 1124 1921; x_wconf 87' lang='grc' dir='ltr'><strong><em>διε-</em></strong></span> 
     </span>
     <span class='ocr_line' id='line_1_18' title="bbox 112 1952 1125 2040; baseline -0.002 -20"><span class='ocrx_word' id='word_1_147' title='bbox 112 1960 255 2040; x_wconf 86' lang='grc' dir='ltr'><strong><em>φθάρθαι</em></strong></span> <span class='ocrx_word' id='word_1_148' title='bbox 278 1959 332 2037; x_wconf 79' lang='grc' dir='ltr'><strong><em>τὴν</em></strong></span> <span class='ocrx_word' id='word_1_149' title='bbox 355 1958 491 2019; x_wconf 91' lang='grc' dir='ltr'><strong><em>διάνοιαν</em></strong></span> <span class='ocrx_word' id='word_1_150' title='bbox 511 1952 704 2039; x_wconf 73' lang='grc' dir='ltr'><strong><em>Ἀλεξάνδρου</em></strong></span> <span class='ocrx_word' id='word_1_151' title='bbox 726 1957 944 2038; x_wconf 89' lang='grc' dir='ltr'><strong><em>ὑπειληφότων,</em></strong></span> <span class='ocrx_word' id='word_1_152' title='bbox 969 1956 1019 2018; x_wconf 83' lang='grc' dir='ltr'><strong><em>καλ</em></strong></span> <span class='ocrx_word' id='word_1_153' title='bbox 1041 1962 1125 2039; x_wconf 80' lang='grc' dir='ltr'><strong><em>Παρ·</em></strong></span> 
     </span>
     <span class='ocr_line' id='line_1_19' title="bbox 111 2054 1125 2137; baseline -0.002 -20"><span class='ocrx_word' id='word_1_154' title='bbox 111 2057 256 2137; x_wconf 87' lang='grc' dir='ltr'><strong><em>μενίωνος</em></strong></span> <span class='ocrx_word' id='word_1_155' title='bbox 277 2064 330 2117; x_wconf 87' lang='grc' dir='ltr'><strong><em>τοῦ</em></strong></span> <span class='ocrx_word' id='word_1_156' title='bbox 348 2064 513 2137; x_wconf 80' lang='grc' dir='ltr'><strong><em>στρατηγοῦ</em></strong></span> <span class='ocrx_word' id='word_1_157' title='bbox 532 2059 641 2133; x_wconf 79' lang='grc' dir='ltr'><strong><em>μᾶλλον</em></strong></span> <span class='ocrx_word' id='word_1_158' title='bbox 659 2056 871 2134; x_wconf 74' lang='grc' dir='ltr'><strong><em>θαυμάσαντος</em></strong></span> <span class='ocrx_word' id='word_1_159' title='bbox 892 2054 943 2116; x_wconf 78' lang='grc' dir='ltr'><strong><em>καὶ</em></strong></span> <span class='ocrx_word' id='word_1_160' title='bbox 961 2054 1125 2136; x_wconf 82' lang='grc' dir='ltr'><strong><em>ἀγανακτή-</em></strong></span> 
     </span>
     <span class='ocr_line' id='line_1_20' title="bbox 112 2151 1125 2234; baseline -0.003 -18"><span class='ocrx_word' id='word_1_161' title='bbox 112 2174 219 2227; x_wconf 91' lang='grc' dir='ltr'><strong><em>σαντος</em></strong></span> <span class='ocrx_word' id='word_1_162' title='bbox 236 2154 312 2216; x_wconf 92' lang='grc' dir='ltr'><strong><em>διότι</em></strong></span> <span class='ocrx_word' id='word_1_163' title='bbox 328 2154 466 2233; x_wconf 87' lang='grc' dir='ltr'><strong><em>καθάπερ</em></strong></span> <span class='ocrx_word' id='word_1_164' title='bbox 483 2176 528 2227; x_wconf 91' lang='grc' dir='ltr'><strong><em>τις</em></strong></span> <span class='ocrx_word' id='word_1_165' title='bbox 544 2162 603 2214; x_wconf 90' lang='grc' dir='ltr'><strong><em>τῶν</em></strong></span> <span class='ocrx_word' id='word_1_166' title='bbox 619 2151 763 2232; x_wconf 88' lang='grc' dir='ltr'><strong><em>ὑπηκόων</em></strong></span> <span class='ocrx_word' id='word_1_167' title='bbox 780 2152 878 2215; x_wconf 87' lang='grc' dir='ltr'><strong><em>πεσὼν</em></strong></span> <span class='ocrx_word' id='word_1_168' title='bbox 896 2153 1125 2234; x_wconf 89' lang='grc' dir='ltr'><strong><em>προσεκύνησεν,</em></strong></span> 
     </span>
     <span class='ocr_line' id='line_1_21' title="bbox 111 2245 1165 2333; baseline -0.001 -19"><span class='ocrx_word' id='word_1_169' title='bbox 111 2247 194 2314; x_wconf 73' lang='grc' dir='ltr'><strong><em>εἶπεν</em></strong></span> <span class='ocrx_word' id='word_1_170' title='bbox 213 2245 414 2331; x_wconf 75' lang='grc' dir='ltr'><strong><em>Ἀλέξανδρος·</em></strong></span> <span class='ocrx_word' id='word_1_171' title='bbox 442 2250 480 2312; x_wconf 88' lang='grc' dir='ltr'><strong><em>ού</em></strong></span> <span class='ocrx_word' id='word_1_172' title='bbox 502 2250 555 2312; x_wconf 88' lang='grc' dir='ltr'><strong><em>τόν</em></strong></span> <span class='ocrx_word' id='word_1_173' title='bbox 577 2249 710 2332; x_wconf 83' lang='grc' dir='ltr'><strong><em>ἀρχιερέα</em></strong></span> <span class='ocrx_word' id='word_1_174' title='bbox 732 2251 953 2333; x_wconf 88' lang='grc' dir='ltr'><strong><em>προσεκύνησα,</em></strong></span> <span class='ocrx_word' id='word_1_175' title='bbox 979 2249 1051 2312; x_wconf 74' lang='grc' dir='ltr'><strong><em>ἀλλὰ</em></strong></span> <span class='ocrx_word' id='word_1_176' title='bbox 1073 2252 1125 2312; x_wconf 92' lang='grc' dir='ltr'><strong><em>τόν</em></strong></span> <span class='ocrx_word' id='word_1_177' title='bbox 1139 2273 1165 2314; x_wconf 78' lang='grc' dir='ltr'><strong><em>το</em></strong></span> 
     </span>
     <span class='ocr_line' id='line_1_22' title="bbox 111 2343 1125 2429; baseline -0.001 -18"><span class='ocrx_word' id='word_1_178' title='bbox 111 2343 281 2412; x_wconf 83' lang='grc' dir='ltr'><strong><em>ὑπἀὐτοῦ</em></strong></span> <span class='ocrx_word' id='word_1_179' title='bbox 308 2349 382 2410; x_wconf 89' lang='grc' dir='ltr'><strong><em>θεόν</em></strong></span> <span class='ocrx_word' id='word_1_180' title='bbox 408 2348 573 2428; x_wconf 78' lang='grc' dir='ltr'><strong><em>τιμώμενον</em></strong></span> <span class='ocrx_word' id='word_1_181' title='bbox 599 2347 689 2428; x_wconf 79' lang='grc' dir='ltr'><strong><em>κάμοί</em></strong></span> <span class='ocrx_word' id='word_1_182' title='bbox 716 2349 771 2428; x_wconf 77' lang='grc' dir='ltr'><strong><em>τὴν</em></strong></span> <span class='ocrx_word' id='word_1_183' title='bbox 793 2349 940 2429; x_wconf 77' lang='grc' dir='ltr'><strong><em>βοήθειαν</em></strong></span> <span class='ocrx_word' id='word_1_184' title='bbox 966 2348 1040 2408; x_wconf 79' lang='grc' dir='ltr'><strong><em>κατὰ</em></strong></span> <span class='ocrx_word' id='word_1_185' title='bbox 1067 2357 1125 2410; x_wconf 89' lang='grc' dir='ltr'><strong><em>τῶν</em></strong></span> 
     </span>
     <span class='ocr_line' id='line_1_23' title="bbox 110 2444 1126 2529; baseline -0.002 -19"><span class='ocrx_word' id='word_1_186' title='bbox 110 2448 255 2510; x_wconf 76' lang='grc' dir='ltr'><strong><em>ἐναντίων</em></strong></span> <span class='ocrx_word' id='word_1_187' title='bbox 281 2446 490 2527; x_wconf 86' lang='grc' dir='ltr'><strong><em>ὑποσχόμενον.</em></strong></span> <span class='ocrx_word' id='word_1_188' title='bbox 536 2444 626 2526; x_wconf 77' lang='grc' dir='ltr'><strong><em>ἡνίκα</em></strong></span> <span class='ocrx_word' id='word_1_189' title='bbox 653 2445 708 2529; x_wconf 75' lang='grc' dir='ltr'><strong><em>γὰρ</em></strong></span> <span class='ocrx_word' id='word_1_190' title='bbox 736 2446 791 2527; x_wconf 77' lang='grc' dir='ltr'><strong><em>τὴν</em></strong></span> <span class='ocrx_word' id='word_1_191' title='bbox 817 2445 891 2507; x_wconf 87' lang='grc' dir='ltr'><strong><em>κατόι</em></strong></span> <span class='ocrx_word' id='word_1_192' title='bbox 913 2450 1039 2529; x_wconf 87' lang='grc' dir='ltr'><strong><em>Περσῶν</em></strong></span> <span class='ocrx_word' id='word_1_193' title='bbox 1066 2448 1126 2508; x_wconf 86' lang='grc' dir='ltr'><strong><em>διε-</em></strong></span> 
     </span>
     <span class='ocr_line' id='line_1_24' title="bbox 110 2542 1126 2626; baseline -0.002 -18"><span class='ocrx_word' id='word_1_194' title='bbox 110 2546 247 2625; x_wconf 90' lang='grc' dir='ltr'><strong><em>νοούμην</em></strong></span> <span class='ocrx_word' id='word_1_195' title='bbox 278 2546 429 2625; x_wconf 83' lang='grc' dir='ltr'><strong><em>στρατείαν</em></strong></span> <span class='ocrx_word' id='word_1_196' title='bbox 459 2542 510 2605; x_wconf 81' lang='grc' dir='ltr'><strong><em>καλ</em></strong></span> <span class='ocrx_word' id='word_1_197' title='bbox 539 2545 594 2606; x_wconf 89' lang='grc' dir='ltr'><strong><em>ούκ</em></strong></span> <span class='ocrx_word' id='word_1_198' title='bbox 621 2543 750 2623; x_wconf 73' lang='grc' dir='ltr'><strong><em>ἐτόλμων</em></strong></span> <span class='ocrx_word' id='word_1_199' title='bbox 781 2543 831 2605; x_wconf 83' lang='grc' dir='ltr'><strong><em>διὰ</em></strong></span> <span class='ocrx_word' id='word_1_200' title='bbox 858 2543 890 2605; x_wconf 87' lang='grc' dir='ltr'><strong><em>τό</em></strong></span> <span class='ocrx_word' id='word_1_201' title='bbox 918 2542 1042 2626; x_wconf 79' lang='grc' dir='ltr'><strong><em>μέγεθος</em></strong></span> <span class='ocrx_word' id='word_1_202' title='bbox 1073 2555 1126 2626; x_wconf 79' lang='grc' dir='ltr'><strong><em>της</em></strong></span> 
     </span>
     <span class='ocr_line' id='line_1_25' title="bbox 112 2636 1125 2723; baseline 0.002 -19"><span class='ocrx_word' id='word_1_203' title='bbox 112 2643 286 2716; x_wconf 87' lang='grc' dir='ltr'><strong><em>δυναστείας</em></strong></span> <span class='ocrx_word' id='word_1_204' title='bbox 303 2641 411 2723; x_wconf 87' lang='grc' dir='ltr'><strong><em>αύτῶν,</em></strong></span> <span class='ocrx_word' id='word_1_205' title='bbox 430 2641 524 2721; x_wconf 79' lang='grc' dir='ltr'><strong><em>ὤφθη</em></strong></span> <span class='ocrx_word' id='word_1_206' title='bbox 544 2665 594 2721; x_wconf 90' lang='grc' dir='ltr'><strong><em>μοι</em></strong></span> <span class='ocrx_word' id='word_1_207' title='bbox 611 2636 675 2703; x_wconf 89' lang='grc' dir='ltr'><strong><em>κατ’</em></strong></span> <span class='ocrx_word' id='word_1_208' title='bbox 696 2641 768 2723; x_wconf 91' lang='grc' dir='ltr'><strong><em>όναρ</em></strong></span> <span class='ocrx_word' id='word_1_209' title='bbox 786 2641 860 2703; x_wconf 82' lang='grc' dir='ltr'><strong><em>κατὰ</em></strong></span> <span class='ocrx_word' id='word_1_210' title='bbox 877 2641 910 2702; x_wconf 87' lang='grc' dir='ltr'><strong><em>τό</em></strong></span> <span class='ocrx_word' id='word_1_211' title='bbox 924 2651 1021 2723; x_wconf 76' lang='grc' dir='ltr'><strong><em>σχῆμα</em></strong></span> <span class='ocrx_word' id='word_1_212' title='bbox 1038 2645 1125 2706; x_wconf 88' lang='grc' dir='ltr'><strong><em>τοῦδε</em></strong></span> 
     </span>
     <span class='ocr_line' id='line_1_26' title="bbox 111 2738 1164 2823; baseline -0.002 -19"><span class='ocrx_word' id='word_1_213' title='bbox 111 2749 165 2804; x_wconf 79' lang='grc' dir='ltr'><strong><em>τοῦ</em></strong></span> <span class='ocrx_word' id='word_1_214' title='bbox 192 2739 346 2823; x_wconf 80' lang='grc' dir='ltr'><strong><em>ἀρχιερέως</em></strong></span> <span class='ocrx_word' id='word_1_215' title='bbox 373 2738 389 2801; x_wconf 92' lang='grc' dir='ltr'><strong><em>δ</em></strong></span> <span class='ocrx_word' id='word_1_216' title='bbox 417 2740 488 2813; x_wconf 86' lang='grc' dir='ltr'><strong><em>θεὸς</em></strong></span> <span class='ocrx_word' id='word_1_217' title='bbox 514 2739 565 2801; x_wconf 83' lang='grc' dir='ltr'><strong><em>καλ</em></strong></span> <span class='ocrx_word' id='word_1_218' title='bbox 592 2746 718 2822; x_wconf 90' lang='grc' dir='ltr'><strong><em>θαρρεῖν</em></strong></span> <span class='ocrx_word' id='word_1_219' title='bbox 743 2763 793 2819; x_wconf 97' lang='grc' dir='ltr'><strong><em>μοι</em></strong></span> <span class='ocrx_word' id='word_1_220' title='bbox 820 2741 1048 2822; x_wconf 85' lang='grc' dir='ltr'><strong><em>παρεκελεύσατο</em></strong></span> <span class='ocrx_word' id='word_1_221' title='bbox 1075 2739 1164 2802; x_wconf 78' lang='grc' dir='ltr'><strong><em>καίει</em></strong></span> 
     </span>
     <span class='ocr_line' id='line_1_27' title="bbox 111 2837 1123 2921; baseline -0.003 -20"><span class='ocrx_word' id='word_1_222' title='bbox 111 2849 166 2921; x_wconf 73' lang='grc' dir='ltr'><strong><em>τῆς</em></strong></span> <span class='ocrx_word' id='word_1_223' title='bbox 187 2840 360 2921; x_wconf 90' lang='grc' dir='ltr'><strong><em>προθυμίας</em></strong></span> <span class='ocrx_word' id='word_1_224' title='bbox 382 2839 552 2911; x_wconf 89' lang='grc' dir='ltr'><strong><em>σπουδαίως</em></strong></span> <span class='ocrx_word' id='word_1_225' title='bbox 575 2838 693 2919; x_wconf 80' lang='grc' dir='ltr'><strong><em>ἔχεσθαι</em></strong></span> <span class='ocrx_word' id='word_1_226' title='bbox 715 2837 819 2920; x_wconf 77' lang='grc' dir='ltr'><strong><em>λέγων·</em></strong></span> <span class='ocrx_word' id='word_1_227' title='bbox 848 2839 890 2911; x_wconf 82' lang='grc' dir='ltr'><strong><em>εἰς</em></strong></span> <span class='ocrx_word' id='word_1_228' title='bbox 917 2837 949 2900; x_wconf 78' lang='grc' dir='ltr'><strong><em>σέ</em></strong></span> <span class='ocrx_word' id='word_1_229' title='bbox 972 2838 1123 2917; x_wconf 79' lang='grc' dir='ltr'><strong><em>καταλήξω</em></strong></span> 
     </span>
     <span class='ocr_line' id='line_1_28' title="bbox 110 2935 1123 3018; baseline -0.003 -20"><span class='ocrx_word' id='word_1_230' title='bbox 110 2937 167 3016; x_wconf 71' lang='grc' dir='ltr'><strong><em>την</em></strong></span> <span class='ocrx_word' id='word_1_231' title='bbox 185 2939 310 3016; x_wconf 87' lang='grc' dir='ltr'><strong><em>Περσῶν</em></strong></span> <span class='ocrx_word' id='word_1_232' title='bbox 333 2937 516 2998; x_wconf 88' lang='grc' dir='ltr'><strong><em>δυναστείαν.</em></strong></span> <span class='ocrx_word' id='word_1_233' title='bbox 553 2936 599 2998; x_wconf 91' lang='grc' dir='ltr'><strong><em>διδ</em></strong></span> <span class='ocrx_word' id='word_1_234' title='bbox 618 2946 724 2998; x_wconf 87' lang='grc' dir='ltr'><strong><em>τοῦτον</em></strong></span> <span class='ocrx_word' id='word_1_235' title='bbox 746 2936 930 3015; x_wconf 87' lang='grc' dir='ltr'><strong><em>θεασάμενος</em></strong></span> <span class='ocrx_word' id='word_1_236' title='bbox 953 2935 986 2997; x_wconf 83' lang='grc' dir='ltr'><strong><em>έν</em></strong></span> <span class='ocrx_word' id='word_1_237' title='bbox 1003 2935 1123 3018; x_wconf 89' lang='grc' dir='ltr'><strong><em>τοιαύτη</em></strong></span> 
     </span>
     <span class='ocr_line' id='line_1_29' title="bbox 112 3030 1124 3120; baseline -0.006 -23"><span class='ocrx_word' id='word_1_238' title='bbox 112 3041 199 3120; x_wconf 76' lang='grc' dir='ltr'><strong><em>στολῇ</em></strong></span> <span class='ocrx_word' id='word_1_239' title='bbox 219 3033 269 3095; x_wconf 82' lang='grc' dir='ltr'><strong><em>καὶ</em></strong></span> <span class='ocrx_word' id='word_1_240' title='bbox 286 3043 339 3115; x_wconf 78' lang='grc' dir='ltr'><strong><em>τῆς</em></strong></span> <span class='ocrx_word' id='word_1_241' title='bbox 356 3033 430 3094; x_wconf 81' lang='grc' dir='ltr'><strong><em>κατὰ</em></strong></span> <span class='ocrx_word' id='word_1_242' title='bbox 448 3033 519 3107; x_wconf 81' lang='grc' dir='ltr'><strong><em>τοὺς</em></strong></span> <span class='ocrx_word' id='word_1_243' title='bbox 532 3034 647 3107; x_wconf 83' lang='grc' dir='ltr'><strong><em>όπνους</em></strong></span> <span class='ocrx_word' id='word_1_244' title='bbox 665 3032 871 3113; x_wconf 74' lang='grc' dir='ltr'><strong><em>ὑπομνησθεὶς</em></strong></span> <span class='ocrx_word' id='word_1_245' title='bbox 891 3032 988 3112; x_wconf 84' lang='grc' dir='ltr'><strong><em>όψεως</em></strong></span> <span class='ocrx_word' id='word_1_246' title='bbox 1006 3030 1124 3104; x_wconf 87' lang='grc' dir='ltr'><strong><em>είκότως</em></strong></span> 
     </span>
     <span class='ocr_line' id='line_1_30' title="bbox 110 3130 1123 3216; baseline -0.007 -21"><span class='ocrx_word' id='word_1_247' title='bbox 110 3133 327 3216; x_wconf 85' lang='grc' dir='ltr'><strong><em>προσεκύνησα</em></strong></span> <span class='ocrx_word' id='word_1_248' title='bbox 371 3130 423 3192; x_wconf 83' lang='grc' dir='ltr'><strong><em>καί</em></strong></span> <span class='ocrx_word' id='word_1_249' title='bbox 448 3140 539 3192; x_wconf 86' lang='grc' dir='ltr'><strong><em>ταῦτα</em></strong></span> <span class='ocrx_word' id='word_1_250' title='bbox 566 3131 659 3194; x_wconf 82' lang='grc' dir='ltr'><strong><em>εἰπὼν</em></strong></span> <span class='ocrx_word' id='word_1_251' title='bbox 686 3130 760 3214; x_wconf 90' lang='grc' dir='ltr'><strong><em>πρὸς</em></strong></span> <span class='ocrx_word' id='word_1_252' title='bbox 786 3131 837 3193; x_wconf 88' lang='grc' dir='ltr'><strong><em>τόν</em></strong></span> <span class='ocrx_word' id='word_1_253' title='bbox 865 3130 1012 3193; x_wconf 87' lang='grc' dir='ltr'><strong><em>οίκειακόν</em></strong></span> <span class='ocrx_word' id='word_1_254' title='bbox 1039 3133 1123 3210; x_wconf 90' lang='grc' dir='ltr'><strong><em>Παρ-</em></strong></span> 
     </span>
    </p>
   </div>
   <div class='ocr_carea' id='block_1_3' title="bbox 109 3232 325 3250">
    <p class='ocr_par' dir='ltr' id='par_1_3' title="bbox 109 3232 325 3250">
     <span class='ocr_line' id='line_1_31' title="bbox 109 3232 325 3250; baseline -0.005 -9"><span class='ocrx_word' id='word_1_255' title='bbox 109 3232 325 3250; x_wconf 41' lang='grc' dir='ltr'><em>’,ρ-.-</em></span> 
     </span>
    </p>
   </div>
   <div class='ocr_carea' id='block_1_4' title="bbox 184 3292 836 3365">
    <p class='ocr_par' dir='ltr' id='par_1_4' title="bbox 184 3292 836 3365">
     <span class='ocr_line' id='line_1_32' title="bbox 184 3292 836 3365; baseline -0.005 -15"><span class='ocrx_word' id='word_1_256' title='bbox 184 3303 271 3364; x_wconf 79' lang='lat' dir='ltr'><strong>1-p,</strong></span> <span class='ocrx_word' id='word_1_257' title='bbox 287 3299 330 3361; x_wconf 76' lang='lat'><strong><em>32,</em></strong></span> <span class='ocrx_word' id='word_1_258' title='bbox 346 3300 377 3347; x_wconf 89' lang='lat'><strong><em>11</em></strong></span> <span class='ocrx_word' id='word_1_259' title='bbox 397 3295 432 3361; x_wconf 77' lang='lat' dir='ltr'><strong><em>cf.</em></strong></span> <span class='ocrx_word' id='word_1_260' title='bbox 451 3292 564 3363; x_wconf 80' lang='lat' dir='ltr'><strong>Joseph.</strong></span> <span class='ocrx_word' id='word_1_261' title='bbox 578 3294 644 3348; x_wconf 78' lang='lat' dir='ltr'><strong><em>Ant.</em></strong></span> <span class='ocrx_word' id='word_1_262' title='bbox 660 3293 706 3362; x_wconf 78' lang='lat' dir='ltr'><strong><em>XI,</em></strong></span> <span class='ocrx_word' id='word_1_263' title='bbox 721 3299 836 3365; x_wconf 74' lang='lat' dir='ltr'>3298qq.</span> 
     </span>
    </p>
   </div>
   <div class='ocr_carea' id='block_1_5' title="bbox 112 3423 1123 3568">
    <p class='ocr_par' dir='ltr' id='par_1_5' title="bbox 112 3423 1123 3568">
     <span class='ocr_line' id='line_1_33' title="bbox 183 3423 1123 3497; baseline -0.005 -15"><span class='ocrx_word' id='word_1_264' title='bbox 183 3433 217 3482; x_wconf 82' lang='lat'><strong><em>19</em></strong></span> <span class='ocrx_word' id='word_1_265' title='bbox 235 3436 347 3497; x_wconf 84' lang='grc' dir='ltr'><strong><em>περσῶν</em></strong></span> <span class='ocrx_word' id='word_1_266' title='bbox 363 3425 414 3481; x_wconf 84' lang='lat' dir='ltr'><strong><em>BG</em></strong></span> <span class='ocrx_word' id='word_1_267' title='bbox 440 3428 533 3481; x_wconf 83' lang='grc' dir='ltr'><strong><em>πεσὼν</em></strong></span> <span class='ocrx_word' id='word_1_268' title='bbox 552 3443 603 3482; x_wconf 85' lang='lat' dir='ltr'><strong><em>om.</em></strong></span> <span class='ocrx_word' id='word_1_269' title='bbox 618 3426 681 3480; x_wconf 84' lang='lat' dir='ltr'><strong><em>RV.</em></strong></span> <span class='ocrx_word' id='word_1_270' title='bbox 711 3459 744 3467; x_wconf 97' lang='lat'>—</span> <span class='ocrx_word' id='word_1_271' title='bbox 773 3432 806 3481; x_wconf 79' lang='lat'><strong><em>26</em></strong></span> <span class='ocrx_word' id='word_1_272' title='bbox 825 3423 990 3492; x_wconf 81' lang='grc' dir='ltr'><strong><em>καταπλήξω</em></strong></span> <span class='ocrx_word' id='word_1_273' title='bbox 1009 3424 1069 3478; x_wconf 84' lang='lat' dir='ltr'><strong><em>AN.</em></strong></span> <span class='ocrx_word' id='word_1_274' title='bbox 1088 3456 1123 3465; x_wconf 92' lang='lat'>-</span> 
     </span>
     <span class='ocr_line' id='line_1_34' title="bbox 112 3497 740 3568; baseline 0 -15"><span class='ocrx_word' id='word_1_275' title='bbox 112 3505 146 3553; x_wconf 74' lang='lat'><strong><em>28</em></strong></span> <span class='ocrx_word' id='word_1_276' title='bbox 164 3497 279 3561; x_wconf 81' lang='grc' dir='ltr'><strong><em>εἰκότως</em></strong></span> <span class='ocrx_word' id='word_1_277' title='bbox 296 3507 397 3554; x_wconf 82' lang='grc' dir='ltr'><strong><em>τοῦτον</em></strong></span> <span class='ocrx_word' id='word_1_278' title='bbox 414 3497 610 3568; x_wconf 78' lang='grc' dir='ltr'><strong><em>προσεκύνησα</em></strong></span> <span class='ocrx_word' id='word_1_279' title='bbox 628 3497 740 3553; x_wconf 84' lang='lat' dir='ltr'><strong>ABGV.</strong></span> 
     </span>
    </p>
   </div>
   <div class='ocr_carea' id='block_1_6' title="bbox 184 3621 535 3694">
    <p class='ocr_par' dir='ltr' id='par_1_6' title="bbox 184 3621 535 3694">
     <span class='ocr_line' id='line_1_35' title="bbox 184 3621 535 3694; baseline -0.009 -16"><span class='ocrx_word' id='word_1_280' title='bbox 184 3629 218 3678; x_wconf 79' lang='lat'><strong><em>28</em></strong></span> <span class='ocrx_word' id='word_1_281' title='bbox 237 3624 431 3694; x_wconf 78' lang='grc' dir='ltr'><strong><em>ἀναμνησθείς</em></strong></span> <span class='ocrx_word' id='word_1_282' title='bbox 447 3622 470 3677; x_wconf 91' lang='grc' dir='ltr'>Ρ</span> <span class='ocrx_word' id='word_1_283' title='bbox 479 3621 535 3676; x_wconf 75' lang='grc' dir='ltr'><strong><em>δοε,</em></strong></span> 
     </span>
    </p>
   </div>
   <div class='ocr_carea' id='block_1_7' title="bbox 0 0 1314 3909">
    <p class='ocr_par' dir='ltr' id='par_1_7' title="bbox 0 0 1314 3909">
     <span class='ocr_line' id='line_1_36' title="bbox 0 0 1314 3909; baseline 0 0"><span class='ocrx_word' id='word_1_284' title='bbox 0 0 1314 3909; x_wconf 95' lang='lat' dir='ltr'><strong><em> </em></strong></span> 
     </span>
    </p>
   </div>
  </div>
 </body>
</html>
