2617 3909
197 221 262 286 292
506 222 693 274 rmpmor
710 221 893 274 uomor

197 377 304 433 τεῦθεν
331 370 504 433 ἐσαλεύοντο
535 369 644 442 πάντες
676 369 708 431 σί
736 368 862 450 δρῶντες
893 369 944 430 καὶ
972 369 1134 442 ἀκούοντες
1160 369 1216 448 τήν

197 470 306 549 φωνήν
337 478 391 531 τοὺ
422 468 561 547 πλήθους
589 466 641 529 καλ
666 467 719 529 τδν
745 467 954 549 συγκρουσμὸν
979 477 1041 529 τῶν
1068 465 1216 548 ἁρμάτων.

198 562 237 649 ήν
260 567 315 650 γὰρ
339 564 359 645 ή
382 565 553 648 παρεμβολή
577 566 688 647 μεγάλη
710 564 760 627 καλ
782 565 889 647 ἰσχυρὰ
910 568 978 627 λίαν
994 564 1046 626 καλ
1063 565 1137 640 λαὸς
1153 566 1217 628 ἐπί-

200 688 301 746 μικτος
333 663 453 745 άπειρος
484 663 535 725 καλ
565 664 697 738 ἔνοπλος.
744 662 795 724 καὶ
826 661 867 737 ὑς
898 662 1043 726 ἐπέτεινεν
1074 661 1096 742 ή
1130 665 1217 744 μάχη,

172 763 383 841 εθεασάμενος
402 754 539 844 Ἐλεάζαρ
565 761 582 824 ὁ
608 760 739 840 ἀδελφὸς
762 756 861 822 Ἰούδα
885 760 1122 844 πεπυρωμένους
1147 762 1218 834 τοὺς

198 860 359 940 ἐλέφαντας
381 858 430 920 καί
453 861 573 934 τοξότας
594 853 641 921 ἐπ’
667 860 767 922 αὑτῶν
787 858 986 940 φερομένους,
1013 858 1068 921 ἕνα
1090 857 1126 921 δέ
1145 859 1217 921 ἰδὼν

199 958 385 1039 ὑψηλότερον
408 967 468 1019 τῶν
490 955 587 1020 ἀλλων
609 956 660 1018 καί
685 959 848 1037 βασιλικοῖς
870 958 986 1036 θώραξι
1008 956 1218 1037 καθωπλισμέ-

198 1079 253 1119 νον
272 1056 322 1117 καλ
340 1057 464 1136 νομίσας
482 1050 528 1118 ἐπ’
550 1055 643 1116 αὑτοῦ
663 1054 808 1138 φέρεσθαι
824 1055 878 1117 τὸν
895 1055 1025 1136 βασιλέα,
1046 1054 1218 1136 ἐκπηδήσας

198 1164 252 1236 τής
268 1155 457 1236 παρατάξεως
479 1152 649 1233 ἐμπλέκεται
667 1160 705 1238 τᾷ.
726 1163 785 1215 τῶν
803 1155 952 1234 πολεμίων
969 1152 1153 1236 ἀθροίσματι
1170 1153 1218 1215 καὶ

160 1274 186 1314 το
199 1253 326 1327 πολλοὺς
359 1250 534 1326 ἀποκτείνας
564 1261 623 1313 τῶν
655 1251 723 1334 περί
757 1252 809 1314 τὸν
843 1250 989 1330 ἐλέφαντα
1020 1250 1219 1314 ὑποκάτωθεν

199 1352 292 1414 αὑτοῦ
320 1349 430 1431 ὑπέδυ,
460 1348 510 1411 καὶ
537 1350 668 1424 πατάξας
694 1350 736 1424 εἰς
762 1349 818 1428 τήν
841 1348 966 1432 γαστέρα
987 1348 1039 1410 τὸν
1062 1349 1219 1428 ἐλέφαντα,

199 1449 331 1511 πέπτωκε
359 1449 391 1511 τὸ
419 1449 531 1529 θηρίον
558 1447 653 1520 εύθὺς
678 1447 778 1509 ἐπάνω
804 1447 898 1509 αὐτοῦ
925 1446 976 1510 καλ
1002 1457 1111 1512 τοῦτον
1134 1447 1219 1509 συνέ-

200 1561 313 1627 τριψεν.
367 1546 438 1626 ὅπερ
467 1540 581 1619 Ἰούδας
617 1546 802 1624 θεασάμενος
837 1543 887 1607 καὶ
922 1545 1132 1628 κραταιότερον
1169 1546 1219 1606 τὸν
1284 1616 1285 1631 ,

102 1657 140 1697 212
158 1656 189 1694 M·
205 1644 334 1723 πόλεμον
357 1643 536 1722 αἰσθόμενος
559 1644 600 1717 είς
617 1638 810 1724 Ἰερουσαλήμ
831 1644 950 1726 ἔφυγεν.
989 1643 1038 1705 καὶ
1061 1644 1221 1720 ἐπιδιώξας

161 1762 187 1802 τε
198 1736 345 1822 Ἀντίοχος
377 1740 541 1823 ἐπολιόρκει
569 1742 696 1821 ταύτην,
726 1736 788 1802 εἶτα
815 1742 921 1824 λόγους
946 1742 1120 1824 εἰρηνικοὺς
1148 1740 1217 1822 μεθ’

201 1839 298 1920 όρκων
316 1837 529 1919 ποιησαμένου,
549 1838 659 1920 δέχεται
677 1838 769 1900 αὑτὸν
784 1833 900 1913 Ἰούδας
918 1839 1008 1902 ἔνδον
1024 1850 1079 1920 τῆς
1096 1841 1219 1914 πόλεως.

202 1936 217 2000 δ
241 1935 272 1999 δὲ
296 1935 440 1999 εἰσελθὼν
463 1937 513 1997 καὶ
535 1937 586 1998 τὸν
610 1936 699 2019 όρκον
722 1938 975 2017 παρασπονδήσας
997 1937 1047 1999 καὶ
1070 1939 1104 2000 τὸ
1128 1945 1220 2020 τεῖχος

201 2035 297 2098 τέλεον
325 2034 528 2117 καταστρέψας
553 2034 604 2096 καλ
631 2033 701 2109 τοὺς
726 2035 882 2118 οἰκήτορας
904 2037 1067 2109 σκυλεύσας
1090 2038 1135 2110 εἰς
1155 2033 1220 2100 Ἀν-

202 2135 327 2215 τιόχειαν
359 2132 549 2215 ὑπέστρεψεν.
596 2131 667 2211 μετὰ
698 2131 730 2194 δέ
761 2142 853 2194 ταῦτα
876 2128 992 2208 Ἰούδας
1023 2133 1120 2216 τρισὶν
1148 2135 1221 2198 ἔτεσι

163 2253 189 2292 το
202 2231 258 2310 τήν
285 2233 449 2312 θρησκείαν
477 2227 712 2312 όλιμωρηθεῑσαν
738 2229 794 2309 τήν
819 2231 943 2314 πάτριον
965 2230 1149 2311 ἀνεκτήσατο
1171 2233 1222 2294 καὶ
1282 2228 1283 2265 ³

203 2329 330 2403 πολλοὺς
352 2329 570 2409 ἐπιδειξάμενος
592 2326 738 2407 πολέμους
760 2327 812 2390 καὶ
833 2330 959 2411 τρόπαια
983 2330 1093 2411 μεγάλα
1112 2333 1221 2411 στησά-

204 2450 292 2507 μενος
314 2426 361 2488 καὶ
387 2437 439 2507 τής
466 2427 561 2509 χώρας
589 2427 721 2499 ἅπαντας
748 2424 895 2500 ἀπελάσας
921 2436 975 2489 τού
994 2421 1150 2509 Ἀντιόχου
1172 2428 1222 2489 καλ

204 2525 256 2586 τὸν
278 2524 352 2587 ναδν
379 2524 562 2606 ἐκκαθάρας,
590 2523 670 2608 αύτῷ
693 2533 752 2598 πᾶς
774 2521 791 2586 δ
813 2534 875 2585 τῶν
894 2519 1049 2587 Ἰουδαίων
1071 2527 1145 2600 λαὸς
1166 2528 1221 2605 τήν

205 2621 425 2703 ἀρχιερωσύνην
448 2621 624 2702 παρέδωκεν.
671 2618 720 2700 ἐφ’
746 2615 783 2683 οὑ
806 2621 856 2684 καὶ
875 2617 990 2702 Ἰησοῦς
1013 2621 1030 2685 ὑ
1053 2634 1108 2686 τοῦ
1128 2625 1222 2705 Σιρὰχ

166 2717 222 2782 πό
242 2719 336 2797 σοφὸς
353 2717 404 2779 καλ
421 2717 602 2798 πολυμαθής
620 2719 743 2799 καλιήν
761 2721 926 2803 πανάρετον
944 2722 1056 2799 σοφίαν
1075 2723 1222 2796 συντάξας

202 2810 351 2899 Ἑβραίοις
374 2816 549 2898 ἐγνωρίζετο.

205 2931 419 2941 -ρ--ι--ιι

279 2985 382 3035 15-19
401 2981 436 3047 cf.
450 2980 471 3032 Ι.
485 2980 573 3034 Maec.
590 2986 614 3047 6,
630 2985 665 3034 60
674 2998 728 3051 ρης.

278 3121 293 3168 3
313 3113 328 3168 ό
347 3113 415 3177 λαὸς
433 3113 512 3167 codd.
524 3120 635 3183 praeter
647 3113 728 3168 APR.
743 3147 778 3154 —
797 3119 813 3167 6
833 3109 879 3169 ἐπ’
896 3115 970 3168 αὑτῶ
984 3114 1010 3167 A
1034 3111 1082 3170 ἐπ’
1099 3116 1189 3170 αὑτὸν
1204 3114 1222 3168 C

207 3183 251 3242 ἐπ’
269 3186 372 3246 αὐτούς
386 3185 418 3239 R.
447 3184 520 3239 ΙνιΡ
539 3182 585 3239 ἐπ’
601 3185 695 3241 αὐτῶν
712 3192 778 3240 m.1
797 3203 831 3240 ια
849 3181 894 3239 ἐπ’
911 3185 1014 3248 αύτούς
1032 3203 1102 3241 ωτι.
1116 3189 1173 3242 vid.
1189 3218 1224 3226 —

207 3263 222 3309 7
244 3255 471 3326 ναθοπλισμένον
494 3256 602 3309 ADFL.
627 3288 661 3297 -
690 3254 770 3310 δέκ’
791 3256 879 3310 αὑτὸν
902 3257 923 3310 F
947 3253 996 3310 ὑπ’
1017 3258 1107 3311 αὑτοῦ
1131 3258 1165 3312 R.
1191 3290 1223 3297 -

208 3333 241 3379 12
261 3327 348 3386 εύθὺς
361 3327 393 3380 τὸ
406 3324 512 3395 θηρίον
526 3327 550 3379 Β
570 3328 658 3390 εὐθὺς
671 3344 721 3382 om.
737 3328 769 3380 A.
785 3359 819 3369 -
838 3333 873 3381 23
891 3326 988 3389 δλαὸς
1000 3337 1058 3382 τῶν
1071 3328 1098 3399 (δ
1112 3338 1170 3384 τῶν
1184 3329 1224 3396 Μ)

208 3394 426 3518 λοριιέριίωιλξΜ.
446 3427 479 3436 -—
500 3403 533 3449 24
551 3397 720 3465 παρέδωκαν
734 3397 761 3451 Ν
783 3399 887 3453 ἔδωκεν
906 3398 935 3451 L.
953 3430 986 3439 -
1006 3399 1056 3453 καί
1074 3416 1125 3453 ονε.
1141 3401 1224 3454 codd.

208 3481 241 3530 pr
285 3482 314 3518 er
380 3507 385 3518 .

281 3598 296 3643 2
316 3593 446 3660 ἁρμάτων
466 3597 513 3649 καὶ
532 3597 727 3664 ἐξεπλήττοντο
746 3600 857 3669 σφόδρα
875 3600 905 3655 Ρ.
