2617 3909
172 231 249 291 XXII
578 239 779 290 PRAEFATIO

169 387 352 447 Paulinianis
371 391 573 448 narrationem
588 385 749 465 genuinam
767 390 872 463 postea
886 404 949 446 esse
967 386 1193 462 interpolatam.

168 477 205 536 In
233 495 292 553 quo
319 482 438 554 praeter
470 496 505 537 ea
533 496 609 553 quae
636 476 680 534 ibi
711 476 839 536 disserui
866 476 1064 534 animadverti
1090 474 1193 549 velim,

169 566 301 626 codicem
334 565 489 643 symeonis
520 566 706 645 Logotbetae
738 566 956 625 Messanensem
985 583 1053 622 cum
1085 567 1193 623 ceteris

168 655 257 716 rebus
281 674 349 714 cum
366 657 399 715 D
421 656 510 733 plane
530 657 708 729 consentiat,
729 654 897 714 breviorem
913 657 1015 713 tamen
1038 655 1193 713 continere

170 744 207 803 dc
229 744 412 804 Paulicianis
435 746 637 804 narrationem
660 764 722 804 nou
744 762 827 803 secus
851 746 942 819 atque
965 741 996 801 A
1017 747 1049 801 et
1072 737 1104 802 O.

239 832 337 893 Codex
359 834 408 892 hic
426 834 624 893 Messanensis
643 825 710 915 (Μ)
734 837 765 891 et
787 833 840 909 qui
858 832 1075 891 necessitudine
1099 832 1137 891 ab
1155 850 1192 891 eo

169 941 261 999 prope
281 922 397 997 absunt,
417 925 554 1000 quamvis
573 924 605 981 in
623 924 661 981 iis
681 922 720 981 ad
733 922 904 999 Augustum
921 925 1040 980 tantum
1055 924 1192 982 narratio

167 1011 328 1088 pertineat,
346 1012 578 1073 Holkhamensis
604 1013 668 1073 295
687 1003 750 1093 (Η)
774 1015 805 1070 et
822 1006 1062 1071 vindobonensis
1085 1005 1192 1087 suppl.

170 1100 273 1161 Graec.
293 1103 334 1161 91
354 1120 373 1161 0
391 1120 437 1160 me
456 1101 491 1161 B.
506 1102 536 1160 Z.
551 1101 596 1158 VI
614 1093 743 1183 (1897),
764 1120 793 1176 p.
815 1102 878 1159 273
888 1120 953 1177 sqq.
977 1104 1007 1159 et
1020 1100 1048 1158 X
1062 1091 1192 1182 (1901),

167 1210 196 1265 p.
219 1193 260 1250 70
275 1208 339 1267 sqq.
372 1190 527 1268 descripti,
559 1192 631 1268 prae
664 1208 694 1251 se
726 1191 828 1249 lerunt
853 1189 901 1247 illi
933 1189 1054 1265 quidem
1081 1206 1192 1248 nomen

169 1278 324 1356 Symeonis
347 1280 539 1359 Logotbetae,
564 1280 616 1339 sed
638 1298 821 1357 quamquam
843 1280 956 1355 partim
979 1281 1011 1337 in
1030 1282 1192 1356 angustum

170 1372 267 1428 coacti
289 1372 401 1445 partim
419 1369 631 1429 additamentis
650 1371 732 1427 aucti
750 1373 828 1443 sunt,
852 1387 912 1429 non
931 1369 1000 1444 plus
1024 1388 1042 1427 a
1060 1368 1192 1445 genuino

169 1456 290 1535 Georgii
303 1458 434 1517 chronici
447 1460 534 1519 textu
548 1458 666 1532 absunt,
685 1476 776 1533 qnam
793 1458 883 1516 multi
900 1457 979 1531 libri,
998 1460 1052 1533 qui
1068 1456 1193 1535 Georgii

167 1547 288 1605 nomine
314 1547 531 1622 inscribuntur,
563 1548 688 1624 propius
714 1548 808 1606 etiam
835 1547 946 1605 absunt
973 1566 990 1604 a
1017 1541 1190 1606 melioribus

167 1634 260 1711 libris,
283 1635 411 1695 maxime
431 1654 449 1695 a
465 1638 508 1710 D,
531 1656 620 1712 qnam
640 1637 701 1711 alii,
725 1636 850 1711 inques
872 1638 1009 1714 grassata
1027 1639 1074 1695 est
1091 1655 1190 1696 emen·

167 1725 284 1785 dandae
307 1727 451 1784 orationis
474 1725 576 1785 libido.
613 1726 682 1785 Non
700 1728 795 1803 igitur
813 1725 950 1784 dubitavi
969 1724 1062 1785 libros
1084 1726 1138 1784 hos
1157 1728 1190 1782 in

166 1814 377 1874 constituendo
404 1817 488 1874 textu
516 1814 657 1873 adhibere
685 1834 847 1890 eommque
875 1815 1017 1873 lectiones
1045 1819 1189 1891 exparte
1293 1879 1294 1882 Ἴ

166 1904 198 1961 in
226 1907 406 1979 apparatum
434 1904 571 1963 criticum
602 1904 739 1963 inserere.
785 1904 821 1962 Iu
849 1923 908 1979 quo
940 1904 971 1962 id
999 1904 1189 1980 potissimum
1294 1965 1296 1986 ,

167 1994 228 2071 egi,
261 1995 296 2051 ut
322 1993 358 2052 de
386 1993 496 2052 codicis
523 1994 556 2052 D
583 1990 761 2052 lectionibus
791 1995 899 2052 certior
921 1993 1030 2051 fierem.
1076 1991 1190 2053 Contra

167 2081 247 2139 huno
280 2082 305 2141 si
338 2101 404 2141 cum
437 2082 505 2141 aliis
538 2081 660 2160 Georgii
694 2082 778 2140 libris
811 2083 1001 2142 consentiunt
1033 2083 1189 2158 Symeonis

167 2170 291 2246 codiceS,
310 2172 342 2230 iu
355 2172 388 2230 D
405 2172 493 2247 lapsu
511 2172 619 2231 calami
633 2175 790 2248 peccatum
804 2174 858 2245 est,
877 2190 977 2253 omnes
996 2175 1057 2231 tres
1071 2167 1189 2247 quoties

168 2261 249 2319 inter
275 2280 306 2319 se
334 2260 493 2334 dissident,
522 2281 600 2336 quae
628 2263 720 2320 etiam
745 2262 777 2318 iu
804 2260 836 2320 D
861 2257 1004 2338 leguntur
1029 2262 1062 2318 in
1087 2261 1189 2320 codice

167 2350 290 2408 illorum
313 2350 476 2427 archetypo
500 2350 671 2423 exstabant,
698 2352 840 2409 lectiones
868 2349 1002 2409 diversae
1025 2353 1079 2409 aut
1100 2350 1190 2425 lapsu
1294 2335 1295 2372 ³

166 2438 276 2497 calami
304 2442 357 2497 aut
385 2440 523 2498 mutandi
549 2439 721 2498 temeritate
748 2441 838 2498 natae
861 2443 940 2498 sunt.
985 2438 1083 2497 Huius
1106 2440 1189 2498 modi
1294 2465 1295 2510 l

166 2526 317 2603 discrepat
338 2547 410 2603 prae
430 2530 535 2587 ceteris
558 2528 649 2587 codex
668 2528 865 2587 Messanensis
883 2529 1011 2586 maxime
1035 2530 1067 2585 in
1085 2529 1190 2587 lectio-

166 2615 254 2674 nibus
281 2617 398 2692 mnltiS,
431 2635 508 2693 quae
535 2621 654 2692 praeter
682 2637 751 2676 eum
783 2620 815 2675 ln
847 2618 910 2676 solo
938 2617 1075 2677 Parisino
1101 2620 1188 2676 1705

166 2705 367 2765 Inveniuntur.
414 2707 459 2764 Ex
490 2706 578 2765 huius
614 2709 712 2784 igitur
744 2707 836 2765 simili
867 2706 944 2765 libro
981 2706 1073 2765 codex
1104 2706 1189 2766 illius

167 2794 347 2871 archetypus
371 2799 519 2855 correctus
543 2799 596 2855 est.

234 2878 403 2945 Parisinus
425 2876 565 2946 Graecus
591 2874 668 2945 1705
692 2876 761 2965 (Β),
784 2885 858 2943 olim
882 2883 1070 2943 colbertinus
1089 2886 1188 2960 4215,

166 2972 361 3049 bombycinus
381 2976 425 3033 est
444 2975 556 3033 saeculi
574 2974 649 3033 XIII
670 2975 901 3033 tectoriorum.
943 2973 980 3031 In
997 2974 1094 3049 primo
1114 2973 1188 3033 10110

165 3063 250 3121 iuxta
268 3082 424 3122 numerum
445 3064 530 3122 4215
550 3083 692 3124 numerus
716 3083 834 3140 quoque
852 3065 951 3123 exstat
970 3064 1065 3122 2339.
1098 3062 1190 3121 Liber

166 3154 212 3210 est
234 3153 322 3210 initio
346 3154 376 3211 et
398 3152 430 3210 in
453 3152 510 3211 fine
537 3154 705 3227 mutilatus,
728 3153 774 3212 bis
797 3152 872 3211 folia
894 3153 972 3211 falso
995 3153 1189 3230 agglutinata

166 3243 244 3300 sunt.
282 3242 337 3300 Est
356 3243 456 3300 autem
471 3242 576 3301 folium
596 3245 614 3300 6
635 3246 705 3301 ante
724 3245 742 3300 5
762 3241 942 3318 ponendum,
964 3241 1187 3300 1011064-70

167 3332 236 3387 ante
261 3330 312 3388 56.
351 3330 437 3390 Folia
464 3335 479 3389 1
505 3350 598 3408 usque
619 3333 662 3413 ,ad
681 3332 700 3390 6
724 3331 853 3391 indicem
877 3333 1011 3407 capitum
1033 3333 1189 3389 continent

166 3419 319 3494 copiosum
341 3418 430 3480 initio
454 3421 602 3480 mutilum.
643 3421 745 3479 Primo
769 3420 848 3495 qnod
871 3439 951 3478 nunc
974 3421 1072 3478 exstat
1094 3415 1188 3495 capiti

165 3526 234 3566 cum
256 3528 396 3567 numerus
420 3505 450 3586 μ’
473 3510 600 3569 secunda
627 3529 732 3584 manu,
761 3528 838 3583 quae
865 3509 896 3567 in
919 3509 1054 3584 margine
1077 3509 1187 3568 multos

164 3596 326 3673 adscripsit
353 3618 491 3658 numeros
519 3597 682 3671 ordinales,
713 3600 869 3674 appositus
897 3598 950 3670 sit,
977 3596 1095 3675 integer
1121 3601 1188 3656 tum
