2617 3909
172 209 235 274 168
478 211 664 264 rwrlor
681 211 863 264 MONAXOT

169 383 232 421 κων
255 357 287 421 δέ
308 357 359 420 καί
380 359 433 420 τὸν
454 357 553 420 Δανλδ
579 357 630 420 καί
656 359 733 432 ἀπαξ
760 357 810 420 ιιαλ
838 358 884 432 δὶς
906 359 1040 439 ἐμπεσὼν
1062 361 1105 434 είς
1127 361 1186 435 τὰς

170 462 267 538 χεῖρας
297 465 351 518 τοῦ
382 458 541 539 μακαρίου,
572 455 623 518 καί
649 454 743 536 μηδὲν
772 455 958 532 ἀνταποδούς
984 457 1063 543 αύτῷ
1086 459 1187 522 υακδυ
1303 449 1304 460 ³

73 567 115 607 11⁹
127 565 158 606 Η·
172 553 238 616 ἀντλ
259 563 353 616 κακοῦ
375 553 436 633 ἔφη
458 553 557 616 Δανλδ
579 553 596 617 δ
617 555 781 638 πραότατος
802 553 877 636 πρὸς
895 556 997 618 Σαούλ
1014 555 1066 619 τὸν
1083 556 1185 619 ἀπαν-
1305 607 1306 610 .

170 651 375 734 θρωπότατον·
398 652 448 714 λ’να
478 653 508 713 τί
536 653 740 733 παταδιύτιεις,
772 645 795 714 ὦ
827 655 962 735 βασιλεύ,
992 656 1094 734 λαβεῖν
1125 655 1186 735 τὴν

124 749 274 831 ’σψυχύν
300 772 374 829 μους
400 751 519 812 διιιιίσαι
544 751 648 834 πόριος
674 748 732 811 ἀνὰ
759 748 849 830 μέσον
876 749 948 830 ἐμοῦ
975 750 1025 813 ιιαλ
1052 761 1107 814 σοῦ
1130 753 1185 815 καὶ

171 846 324 925 ἐιαδιιιήσαι
346 869 381 925 με
402 846 435 909 ἐν
461 846 556 930 χειρός
577 865 641 909 σου.
662 890 664 896 ‚
687 844 706 926 ἡ
730 845 763 910 δέ
788 850 849 930 χείρ
872 871 930 928 μου
953 847 1009 911 σόει
1031 849 1110 912 ἔστιν
1131 851 1187 914 ἐπί

172 961 219 1025 σε,
240 943 343 1018 καθὼς
370 942 480 1026 λέγεται
506 944 539 1006 ἐν
561 953 596 1030 τῇ
619 943 726 1029 ἀρχαίᾳ
747 948 916 1031 παραβολῇ,
940 946 984 1008 ότι
1006 946 1034 1021 ἐξ
1058 946 1185 1028 ἀνόμων

171 1041 348 1116 ἐξελεύσεται
373 1040 561 1122 πλημμέλεια.
605 1042 655 1104 παλ
678 1041 694 1106 δ
718 1040 772 1122 μὲν
798 1037 880 1118 οίπος
901 1043 1000 1106 Δαυλδ
1026 1044 1183 1127 ἐπορεύετο

170 1138 222 1200 παλ
247 1139 449 1222 ἐκραταιοῦτο,
472 1139 489 1204 ὁ
511 1137 545 1202 δέ
566 1134 647 1214 οἶτος
670 1141 772 1202 Σαοὺλ
798 1140 951 1223 ἐπορεύετο
976 1141 1026 1203 καὶ
1048 1141 1184 1222 ἠσθένει.

132 1259 159 1298 ιο
171 1230 233 1298 είτα
255 1246 314 1298 τῶν
336 1236 512 1315 ἀλλοφύλων
528 1236 603 1298 κατὰ
619 1237 722 1300 Σαούλ
741 1237 1054 1320 ἐστρατοπεδευκότων,
1076 1249 1138 1302 τού·
1148 1240 1184 1304 δὲ

171 1334 245 1417 πρὸς
280 1335 336 1414 τὴν
372 1334 607 1418 ἐμμαστρίμυθου
642 1334 826 1409 ἀπελθόντος
860 1335 911 1397 παλ
941 1336 996 1415 τὴν
1027 1335 1185 1416 ἀπόφασιν

172 1432 343 1513 δεξαμένου,
366 1433 530 1514 προθύμως
552 1433 691 1514 εἰσῆλθεν
717 1434 759 1507 είς
785 1433 838 1496 τόν
859 1433 988 1513 πόλεμον
1009 1433 1059 1496 παλ
1080 1436 1184 1509 τοξευ-

171 1529 238 1603 θεὶς
264 1531 307 1604 είς
333 1529 370 1590 τδι
395 1529 576 1612 ὑποχόνδρια
606 1525 669 1592 εἷπε
699 1531 774 1613 πρὸς
800 1531 852 1594 τὸν
878 1531 1000 1613 αἴροντα
1025 1531 1118 1594 αὐτοῦ
1146 1535 1185 1596 τὰ

173 1627 277 1705 σκεύη·
301 1626 411 1687 σπάσαι
432 1626 488 1705 τὴν
507 1628 661 1708 ῥομφαίαν
683 1646 738 1690 σου
760 1628 810 1690 καί
832 1627 1033 1708 ἀποπίντησόν
1055 1653 1100 1711 με,
1125 1631 1184 1712 μή·

133 1746 160 1786 ιο
173 1745 242 1785 ποτε
264 1724 409 1797 παίξασιν
430 1724 473 1797 είς
494 1722 544 1804 ἐμὲ
566 1725 599 1786 οἱ
617 1723 807 1807 ἀπερίτμητοι
829 1720 919 1789 οὗτοι.
955 1736 1008 1788 τοῦ
1031 1726 1062 1790 δὲ
1083 1731 1184 1810 φοβη-
1305 1713 1306 1732 ¹

172 1819 278 1895 θέντος
304 1820 355 1882 καί
382 1821 423 1900 μὴ
450 1820 688 1904 ὑπακούσαντος,
716 1824 800 1904 ἔλαβε
822 1824 925 1886 Σαούλ
951 1823 1007 1904 τὴν
1028 1826 1185 1906 ῥομφαίαν

172 1917 266 1979 αύτυύ
292 1916 342 1979 καί
369 1917 506 1981 ἐπέπεσεν
532 1913 578 1982 ἐπ’
608 1921 714 2000 αύτύν·
738 1915 788 2000 ἐφ’
817 1917 853 1983 διν
878 1921 929 1984 καλ
956 1920 972 1984 δ
1000 1923 1185 2006 σκευοφόρος
1305 1975 1306 1980 ,

89 2023 92 2029 ’
172 2014 318 2078 ἐπιπεσὼν
349 2014 511 2099 ἀναιρεῖται
541 2017 591 2079 παλ
622 2017 712 2093 αύτδς
742 2018 793 2081 διὰ
824 2028 878 2098 τῆς
905 2018 997 2098 αύτῆς
1023 2020 1184 2100 ῥομφαίας.

172 2113 223 2176 παλ
254 2115 348 2187 οὕτως
378 2113 511 2177 ἀπέθανε
537 2114 641 2178 Σαούλ
670 2115 703 2178 ἐν
729 2123 793 2190 ταῖς
820 2113 973 2199 ἁμαρτίαις
1000 2117 1106 2197 αύτού,
1135 2111 1186 2191 αίς

132 2210 304 2292 εοήυόμησε
330 2217 370 2296 τῷ
395 2218 468 2296 θεῷ,
495 2212 572 2275 διότι
594 2213 649 2276 ούα
671 2213 797 2291 ἐφύλαξε
819 2213 871 2276 τὸν
894 2215 982 2296 λόγον
1004 2217 1109 2298 κυρίου
1131 2216 1185 2278 τιυὶ
1305 2233 1306 2264 1

173 2309 218 2370 ότι
240 2309 427 2392 ἐπηρώτησεν
449 2309 482 2372 ἐν
504 2317 544 2394 τῷ
560 2309 784 2399 ἐμμαστριμόθρο
808 2320 861 2372 τοῦ
884 2315 1016 2392 ζητῆσαι,
1038 2312 1088 2376 καί
1110 2311 1184 2376 ἀστε-

173 2556 206 2604 31
231 2481 406 2604 44,Ι.1λομρς-.
426 2486 473 2548 24,
494 2486 590 2550 12sqq.
611 2513 644 2522 -
664 2482 732 2537 811.
751 2482 838 2554 Regg.
859 2488 888 2550 3,
908 2489 931 2536 1.
951 2515 986 2524 —
1006 2489 1038 2538 13
1057 2483 1077 2536 Ι,
1092 2483 1182 2556 Regg.

209 2593 216 2617 ι
257 2568 311 2620 819·
336 2573 339 2578 ’

247 2681 262 2728 1
281 2675 329 2728 ιιαλ
347 2681 411 2730 ante
428 2675 478 2730 τδν
496 2692 546 2730 om.
566 2675 647 2730 CER.
668 2709 701 2718 -
725 2677 765 2739 εἰς
781 2677 832 2741 τὰς
849 2686 943 2750 χεῖρας
954 2677 1040 2734 ,GNP
1062 2677 1112 2742 τδις
1129 2696 1182 2735 om.

172 2744 234 2798 rell.
267 2746 343 2805 Idem
362 2747 437 2802 υοσλά.
455 2747 593 2802 dissensus
611 2749 688 2818 apud
706 2748 782 2803 Suid.
801 2765 825 2803 υ.
843 2746 944 2803 Δανίδ.
964 2781 998 2790 -
1022 2750 1185 2814 2ἀποδούς

173 2816 234 2870 BR.
259 2848 292 2856 —
317 2822 333 2868 3
357 2816 372 2870 ὁ
394 2815 551 2886 πραότατος
574 2821 630 2875 δᾶδ
647 2818 682 2875 N.
707 2851 740 2860 -
767 2825 782 2873 ό
806 2819 991 2886 δικάσαι-6
1014 2819 1106 2890 χειρός
1130 2838 1183 2876 σου

173 2903 224 2942 ουτ.
243 2885 301 2954 AG.
321 2919 354 2959 7-
379 2894 395 2942 6
414 2887 552 2960 ἐκδικήσει
571 2888 694 2944 OFLNV
704 2890 780 2944 Suid.
804 2923 839 2931 -
862 2897 878 2946 8
899 2888 1003 2962 ἀνομία
1025 2891 1074 2946 καί
1094 2895 1184 2962 πλημ·

170 2957 266 3030 μίλετα
288 2961 372 3029 (λεῖα
390 2958 425 3028 Α)
443 2959 527 3014 AGV.
546 2992 581 3001 —
606 2967 639 3014 10
662 2961 734 3032 κατὰ
757 2963 842 3016 σαούλ
864 2977 914 3018 σοι.
935 2961 989 3016 OF.
1010 2995 1044 3004 —
1067 2980 1184 3032 στρατο-

171 3028 349 3086 πεδεννότων
370 3027 457 3084 BRV.
476 3063 510 3072 -
530 3038 564 3087 14
582 3031 690 3087 σπάσον
708 3033 734 3086 V
757 3041 864 3088 στᾶσον
881 3032 935 3088 BG
952 3034 1078 3089 σπεόσον
1095 3033 1125 3088 L.
1147 3067 1182 3075 —

173 3101 341 3157 ἀπόκτεινον
359 3100 440 3156 Am.
458 3133 491 3142 -
512 3108 544 3156 15
562 3100 698 3168 παίζωσιν
716 3104 739 3156 Β
760 3101 909 3170 παίξουσιν
927 3104 958 3158 R.
979 3135 1012 3145 -
1032 3111 1065 3158 1⁷
1085 3106 1184 3162 ἔπεσεν

173 3171 278 3227 OGLV
295 3173 409 3228 ἔπαισεν
422 3172 482 3228 BR.
498 3205 532 3214 -
551 3171 598 3242 ἐφ’
615 3168 654 3229 ὧν
674 3174 694 3229 G
715 3175 729 3231 ἔ
752 3171 762 3200 ”
778 3173 815 3243 ἣν
828 3175 861 3230 Β.
881 3206 914 3216 -
935 3180 968 3229 18
986 3175 1073 3245 αὐτῆς
1090 3193 1140 3230 om.
1156 3176 1184 3230 N

155 3261 207 3297 τι.
223 3250 239 3298 1
257 3260 312 3312 σφε.
326 3261 392 3299 νινε.
407 3246 432 3297 A
451 3245 538 3300 αὐτοῦ
551 3244 606 3299 PG.
622 3277 655 3285 -
675 3253 708 3299 21
762 3247 897 3314 ερότησεν
910 3245 964 3301 PG.
980 3277 1013 3286 —
1034 3248 1064 3302 ἐν
1082 3255 1115 3318 τῇ
1130 3247 1184 3302 BG

173 3322 206 3384 τῇ
224 3315 271 3368 sed
289 3315 319 3369 ἐν
336 3333 370 3368 m.
386 3322 402 3369 1
421 3333 474 3384 σφι.
489 3316 591 3371 υττεδ
613 3324 647 3386 τῇ
665 3316 723 3370 RV.

184 3462 186 3465 ·
245 3441 262 3488 3
280 3437 544 3506 ἀπανθρωπότατον
561 3440 610 3493 καλ
627 3440 778 3509 ἀγνώμονα
791 3440 821 3494 Ρ.
837 3471 870 3482 —·
889 3446 906 3495 4
925 3436 946 3494 ὦ
961 3443 1072 3512 βασιλεῦ
1086 3458 1136 3497 om.
1152 3441 1185 3498 P.

175 3511 190 3558 ‘1
214 3504 268 3629 λε’ἷ),
292 3505 309 3574 ἡ
333 3505 437 3578 ἀρχαία
459 3508 782 3600 πρραβολήηΡΙᾞεςς.
807 3543 840 3552 -
865 3518 896 3565 11
921 3509 1066 3581 ἀπόφασιν
1089 3513 1185 3568 ποθὲν
1305 3581 1306 3586 ¹

175 3576 229 3640 δεξ.
268 3607 326 3628 .-
347 3584 379 3631 12
398 3580 563 3651 προθυμως]
581 3600 670 3643 ουτως
686 3581 716 3635 Ρ.
