2617 3909
175 200 256 285 200Ι
486 201 673 253 mmor
690 201 873 254 MONAXOT

175 372 266 430 μενον
296 349 329 412 τδ
360 349 517 430 δαιμόνων
548 348 644 422 εὐθὺς
676 347 861 429 ἒξέλιιεσθαι,
896 350 1020 428 σημείου
1053 348 1115 410 ῦπδ
1144 359 1199 412 τοῦ
1285 381 1286 442 ρ

173 444 349 531 Ἐλεαζάρου
371 446 530 527 τιθεμένου
551 447 697 528 ποτηρίου
719 455 826 527 μεστοῦ
845 447 953 520 ύδατος
971 444 992 528 ή
1010 448 1199 527 ποδονιπτή-

175 570 237 628 ρος,
260 543 277 608 δ
300 544 350 607 καλ
373 543 524 628 σννέτριβε
545 543 578 606 τδ
602 543 760 625 δαιμόνιον
783 554 905 626 φεῦγον.
1286 547 1287 612 f

242 641 305 705 Καὶ
322 642 511 725 ἐμεγαλύνθη
529 642 676 723 Σολομὼν
694 640 768 726 ύπέρ
787 643 901 716 πάντας
914 641 984 716 τοῦς
998 644 1130 724 βασιλεῖς
1144 653 1199 724 τῆς

148 752 231 824 σγής
253 741 370 827 πλούτφ
392 741 443 802 καί
468 741 628 824 φρονήσει,
656 740 706 803 παλ
729 740 837 814 πάντες
860 741 893 803 οί
916 743 1047 821 βασιλεῖς
1070 740 1197 821 ἐζήτουν

175 839 251 901 ἰδεῖν
269 839 302 900 τὸ
319 838 482 922 πρόσωπον
499 839 593 901 αύτοῦ
611 837 662 900 ταί
680 837 807 900 άιιοῦσαι
824 848 878 919 τῆς
896 849 1002 919 φωνῆς
1021 838 1126 918 αύτοῦ,
1146 838 1198 900 καλ
1286 871 1287 888 ν

174 935 370 1018 παρεγένοντο
392 936 531 1020 φέροντες
549 935 670 1008 ἕκαστος
688 931 753 998 κατ’
774 935 912 998 ἐνιαυτὸν
930 934 966 997 τὰ
983 937 1066 1020 δῶρα
1083 937 1197 1018 αὐτῶν,

174 1034 266 1114 σκεύη
292 1045 387 1116 χρυσᾶ
415 1034 465 1097 παλ
492 1034 649 1115 ἱματισμὸν
676 1031 726 1094 ιιαί
753 1031 910 1114 ἡδύσματα
931 1032 982 1096 καί
1009 1035 1122 1109 ἵππους
1145 1035 1198 1096 ιιαλ

174 1130 328 1213 ἡμιόνους.
372 1132 424 1194 καλ
445 1126 524 1213 ήσαν
546 1132 626 1216 αύτῷ
648 1133 726 1212 χίλια
749 1133 920 1216 τετρακόσια
941 1133 1058 1213 άρματα
1075 1132 1127 1194 ιιαί
1146 1133 1197 1195 ἴπ-
1287 1199 1288 1202 ¹

133 1253 160 1294 ιο
173 1252 226 1294 ποι
248 1230 369 1311 θήλειαι
390 1231 513 1304 τοκάδες
535 1229 662 1311 χιλιάδες
680 1226 715 1309 μ’
732 1228 783 1291 καί
802 1231 888 1292 ἵπποι
906 1230 949 1305 εἰς
967 1231 1082 1314 άρματα
1101 1232 1197 1314 χιλιά-

175 1329 223 1402 δες
247 1325 300 1410 ιβ’.
345 1328 396 1391 καί
418 1322 459 1410 ήν
480 1327 647 1411 ήγούμενος
669 1337 729 1390 τῶν
751 1327 897 1408 βασιλέων
919 1329 1040 1391 πάντων
1061 1327 1122 1391 άπὸ
1140 1338 1197 1390 τοῦ

173 1436 310 1506 ποταμοῦ
330 1427 496 1509 Εύφράτου
518 1425 575 1500 ἕως
596 1435 652 1508 γῆς
675 1424 853 1505 ἀλλοφύλων
875 1425 926 1489 καλ
948 1425 1003 1500 ἕως
1026 1426 1118 1508 δρίαν
1137 1428 1197 1488 Αί-

173 1524 297 1607 γύπτου.
342 1524 393 1586 ιιαλ
419 1526 576 1605 βασίλισσα
601 1525 705 1605 Σαβά,
732 1524 797 1604 ήτις
824 1523 934 1606 ἐλέγετο
957 1526 1092 1604 Σίβυλλα
1120 1519 1194 1608 παρ’
1288 1527 1289 1530 ’

166 1617 319 1702 Ἕλλησιν,
344 1620 498 1685 ἀκούσασα
519 1621 553 1685 τὸ
580 1621 676 1702 ὄνομα
704 1622 796 1684 αύτοῦ
824 1613 919 1701 ήλθευ
941 1623 983 1696 είς
1000 1617 1197 1706 Ἰερουσαλήμ

134 1741 161 1782 ιε
174 1719 312 1801 πειράσαι
340 1719 433 1781 αύτδν
455 1719 488 1782 έν
510 1721 697 1802 αἰνίγμασιν,
724 1719 774 1782 καί
801 1720 930 1799 κάμηλοι
957 1721 1096 1802 αἴρουσαι
1119 1718 1196 1800 ήδύ-
1289 1749 1290 1764 1

174 1835 270 1897 σματα
291 1818 386 1879 πολλά
408 1840 438 1880 τε
460 1816 510 1880 καί
533 1817 664 1902 ἐξαίρετα
685 1816 736 1881 ιιαί
759 1817 870 1900 χρυσὸν
892 1818 989 1881 πολὺν
1013 1817 1064 1880 ναί
1086 1820 1197 1894 λίθους

77 1939 116 1979 ειε
130 1938 161 1978 ιι.
175 1915 291 1994 τιμίους
322 1914 373 1977 καί
404 1915 437 1978 έν
469 1917 594 1996 δυνάμει
626 1917 731 2002 βαρείγ
763 1916 890 1998 σφόδρα.
935 1914 985 1978 καί
1016 1917 1197 1992 εἰσελθοῦσα
1290 1944 1291 2000 η

174 2013 249 2095 πρὸς
271 2013 363 2077 αύτὸν
384 2013 435 2076 ιιαλ
457 2015 609 2095 λαλήσασα
628 2015 709 2100 αὐτῷ
732 2015 829 2076 πάντα
848 2013 904 2076 ὅσα
921 2006 961 2094 ἦν
979 2013 1012 2077 έν
1029 2024 1065 2100 τῇ
1085 2015 1195 2100 καρδίᾳ

174 2112 280 2193 αύτής,
308 2110 358 2173 καί
389 2113 486 2174 πάντα
518 2113 660 2188 διαλύσας
692 2113 767 2198 αύτή
795 2112 828 2174 ἐν
855 2113 992 2188 συντάξει
1019 2113 1116 2194 λύγων
1142 2112 1194 2174 καί

134 2235 162 2275 νο
175 2209 315 2294 ἑρμηνεία
342 2211 523 2295 γλυκυτάτη,
550 2209 713 2293 προσέθετο
741 2211 878 2293 πειράσαι
906 2209 998 2274 αύτδν
1021 2210 1071 2273 καί
1093 2221 1194 2273 τοῦτο·

174 2307 319 2381 εύόπτους
331 2308 387 2390 γὰρ
405 2309 515 2382 παῖδας
532 2307 659 2393 άρρενάς
675 2333 706 2371 τε
719 2307 769 2371 καί
787 2309 911 2388 θηλείας
929 2307 1084 2396 δμοτρόπηο
1103 2315 1193 2394 στολῇ

173 2405 225 2467 καί
246 2408 342 2490 κουρᾷ
364 2416 400 2492 τῇ
422 2406 500 2492 αύτή
528 2408 803 2490 περιναλλωπίσασα
830 2405 1011 2489 παρέστησεν
1038 2407 1118 2492 αὐτῷ
1143 2410 1193 2487 ζη-

246 2575 343 2623 4-13
362 2568 407 2622 ΙΠ.
423 2569 511 2640 Regg.
529 2574 571 2636 10,
586 2575 686 2640 23εηη.
706 2601 739 2611 -
761 2575 866 2624 13-20
884 2569 931 2624 ΠΙ,
946 2570 1035 2640 Regg.
1055 2575 1097 2638 10,
1112 2575 1193 2640 Ῑεηη.

248 2689 262 2738 1
281 2691 331 2738 τοῦ
350 2701 401 2738 om.
416 2683 450 2737 N.
469 2715 504 2724 —
523 2691 539 2738 2
560 2684 673 2755 έλεάζαρ
693 2685 751 2740 GP.
770 2717 806 2727 ·—
825 2691 841 2740 3
861 2683 876 2742 δ
895 2703 946 2742 om.
960 2685 995 2740 N.
1015 2717 1049 2726 -
1068 2683 1193 2755 συνετρί-

175 2755 238 2826 βετο
259 2755 290 2810 τὸ
315 2757 340 2810 δ.
360 2754 380 2809 (λ
400 2754 544 2826 συνέτριβε
561 2773 612 2812 om.
631 2757 663 2812 B.
688 2789 722 2798 -
747 2757 886 2829 λαύτῶν]
909 2755 997 2814 αύτύν
1019 2757 1042 2812 Ρ
1063 2755 1191 2812 αύτούΟ

175 2827 272 2889 αύτοῖς
290 2825 322 2880 G.
351 2859 385 2868 -
415 2833 430 2881 9
454 2824 530 2898 χίλια
552 2828 602 2883 καὶ
623 2825 789 2898 τετρακόσια
812 2827 864 2882 GP
900 2827 992 2884 αυ’Β
1022 2826 1080 2902 ‘av'
1101 2827 1133 2882 R.
1158 2860 1192 2868 —

177 2902 209 2951 11
228 2897 343 2953 πάντων
360 2907 417 2953 τῶν
434 2898 492 2953 άπὸ
511 2905 537 2954 et
551 2904 584 2953 12
599 2899 651 2962 ἕως
664 2908 720 2955 τῶν
735 2895 820 2969 δρίαν
839 2882 919 2954 codd.
932 2906 1042 2969 praeter
1056 2898 1143 2954 BGP.
1160 2931 1192 2940 -—

176 2975 209 3024 13
229 2971 303 3040 σαβᾶ
318 2969 402 3024 GMV
421 2970 512 3041 σαββᾶ
526 2970 549 3022 Β
564 2987 614 3025 om.
629 2971 659 3025 L.
678 3003 711 3012 -
731 2972 844 3043 αιβύλλα
862 2970 1020 3025 BDFGLR
1039 2968 1146 3044 σιβίλλα
1163 2971 1193 3024 Μ

175 3041 275 3114 σιβύλα
294 3040 322 3095 G.
347 3073 381 3082 -
406 3046 439 3094 16
457 3042 528 3096 πολὺ
546 3039 595 3096 ΟΡ
619 3049 644 3098 et
662 3043 688 3097 V
705 3047 774 3099 m.2
796 3060 865 3100 corr.
889 3075 922 3084 -
948 3049 980 3096 17
1004 3043 1054 3097 καὶ
1077 3049 1140 3098 ame
1163 3042 1192 3096 ἐν

175 3130 226 3168 om.
242 3112 273 3167 G.
294 3143 327 3152 -
347 3118 381 3166 20
400 3112 441 3175 εἰς
457 3114 581 3168 τοῦτοΕ
604 3114 636 3169 έν
653 3114 742 3187 τούτῳ
761 3114 794 3168 Β.

253 3235 267 3282 7
291 3225 478 3299 παρεγίνοντο
499 3229 528 3283 Ρ.
558 3261 592 3270 -—
622 3234 654 3283 17
680 3229 710 3284 έν
734 3230 852 3299 δυνάμει
875 3231 975 3302 βαρεῖα
998 3227 1111 3299 σφόδρα
1129 3231 1191 3300 βοαί

177 3297 338 3369 αἰνίγμασιν
356 3318 381 3356 υ.
399 3307 431 3354 15
445 3302 543 3355 inserit
556 3307 582 3355 ιλ
594 3302 643 3355 καί
659 3300 848 3371 ἐν-σφύδρα
861 3303 906 3357 hie
919 3319 969 3358 om.
986 3301 1016 3355 P.
1032 3333 1065 3342 -
1082 3306 1115 3356 19
1130 3303 1190 3355 δια-

175 3370 273 3440 λύσας]
296 3369 465 3441 άναγγείλας
483 3371 513 3425 Ρ.
532 3403 566 3412 -
587 3377 620 3425 19
640 3371 670 3426 έν
690 3379 846 3428 συντ-20
864 3372 1019 3445 γλυκυτάτη
1038 3389 1088 3428 om.
1108 3371 1138 3426 P.
1158 3402 1188 3412 -

176 3444 211 3493 20
229 3442 298 3495 Post
314 3450 396 3495 τοῦτο
415 3441 438 3495 Ρ
456 3443 537 3496 αάά..·
557 3442 704 3512 σοφωτάτη
724 3463 755 3513 γε
774 3440 845 3498 οὖσα
862 3444 941 3499 πάνυ
959 3445 1009 3499 καὶ
1027 3439 1189 3517 έπαγγιυοίμ

175 3510 277 3650 annal
295 3510 467 3636 ίτῖιθηλωπευνιειρίμ
489 3510 641 3583 διαβόητος
663 3530 747 3583 quare
766 3531 796 3584 p.
811 3520 906 3583 201,1
929 3509 964 3585 ήν
987 3514 1112 3587 γὰρ-δ
1131 3516 1191 3569 δια-

230 3598 278 3641 τος
394 3624 400 3634 .
1226 3629 1229 3634 .
