2617 3909
543 261 731 314 XPONIKON
810 274 812 280 '
1099 261 1143 326 49

130 410 277 491 μαρτυρία
307 408 514 482 εόαπόδεικτος
545 408 611 492 περί
643 418 697 471 τοῦ
728 413 947 489 κατακλυσμοῦ,
979 409 1019 484 ὥς
1049 428 1143 489 φησιν

129 508 279 586 Ἰώσηπος.
324 505 379 581 ἕως
401 506 458 590 γάρ
480 516 538 568 νῦν
560 502 610 585 ἐφ’
629 506 828 587 ὑψηλοτάτοις
851 505 930 589 όρεσι
956 507 1006 569 καί
1031 508 1143 588 δυσβά-

128 627 192 679 τοις
223 615 279 687 γῆς
309 603 360 666 καλ
390 605 544 684 θαλάσσης
577 606 705 683 λείψανα
736 605 914 686 εὑρίσκεται,
950 607 1062 686 κοχλίαι
1092 605 1143 668 καὶ

128 701 259 783 ὀστρέων
284 703 405 782 κάλυφα
431 701 481 764 καί
507 701 544 764 τδι
567 703 682 777 τούτοις
710 702 797 783 ὅμοια
823 704 1004 785 κηρύττοντά
1030 703 1062 766 τὸ
1086 726 1142 784 φο-
1156 717 1183 758 ³5
1196 716 1229 757 l

129 802 220 884 βερδν
253 800 347 863 έκεῖνο
383 799 434 863 καί
464 799 650 882 παγκόσμιον
680 801 826 882 ναυάγιον
861 800 909 863 ἐπί
940 810 993 863 τοῦ
1025 803 1142 864 δικαίου
1169 822 1181 864 ε

127 899 237 961 τοότου
259 898 419 981 γενόμενον
440 897 490 960 καλ
512 903 623 978 πολλῆς
644 897 778 978 ἀθυμίας
805 898 855 961 καί
868 899 973 979 ’λύπης
994 901 1090 963 κόπου
1112 923 1142 962 τε

128 996 181 1058 καί
203 997 398 1077 περιστάσεως
420 996 516 1058 αἴτιον
537 996 630 1082 τοότφ
652 995 816 1076 πεφηνότα.

198 1094 274 1176 Περί
297 1087 334 1156 οδ
355 1093 406 1156 καί
429 1092 445 1156 δ
468 1099 553 1168 θεῖος
574 1095 787 1175 Χρνσόστομός
809 1110 915 1173 φησιν·
944 1094 994 1157 καί
1018 1095 1073 1177 γὰρ
1097 1097 1142 1158 δί-

128 1215 215 1266 καιος
236 1192 287 1254 καλ
309 1191 415 1266 τέλειος
435 1183 475 1272 ἦν
496 1191 547 1253 καλ
564 1192 685 1254 πάντων
707 1190 937 1274 διεφθαρμένων
960 1192 1051 1272 μόνος
1072 1193 1141 1273 εὐη-

127 1288 223 1372 ρέστει
244 1297 284 1375 τῷ
302 1296 372 1374 θεῷ,
397 1299 457 1351 τῶν
478 1287 575 1352 ἄλλων
596 1288 718 1352 πάντων
738 1290 1025 1373 προσκεκρουκότων.
1070 1289 1142 1352 ἀλλὰ
1156 1313 1182 1353 ιο

128 1389 238 1469 μυρίοις
264 1389 387 1466 θλίψεις
412 1386 551 1468 ὑπέμεινε
572 1387 682 1461 πολλὰς
707 1387 757 1450 καλ
781 1388 883 1461 κακάς.
927 1386 1063 1451 ἐνιαυτὸν
1086 1387 1141 1472 γὰρ

127 1485 201 1547 όλον
223 1487 424 1567 δεσμωτήριον
446 1483 531 1560 ξένον
553 1484 603 1547 καί
625 1486 756 1566 φοβερὸν
778 1484 892 1571 ᾤκησεν
913 1483 1003 1548 οὐδὲν
1020 1483 1142 1565 άμεινον

128 1592 190 1644 τῶν
208 1582 241 1645 έν
259 1584 408 1662 μετάλλοις
425 1581 605 1663 πιεζομένων
623 1584 814 1662 διακείμενος.
846 1583 896 1645 ἵνα
908 1583 965 1665 γὰρ
977 1584 1010 1647 τδ
1023 1589 1142 1664 πλῆθος

126 1680 206 1743 ἐάσω
224 1691 284 1742 τῶν
301 1683 421 1762 θηρίων
441 1679 492 1743 καί
508 1690 568 1742 τῶν
585 1679 724 1764 ἑρπετῶν,
746 1675 792 1756 οίς
809 1690 950 1743 τοσοῦτον
967 1681 1017 1762 ἔζη
1034 1681 1142 1766 χρόνον

126 1779 172 1852 εἰς
189 1779 330 1859 τοιαύτην
347 1777 562 1858 ἀπειλημμένος
575 1780 779 1859 στενοχωρίαν,
797 1780 827 1840 τί
842 1780 897 1840 οἴει
910 1779 1032 1861 πάσχειν
1050 1779 1141 1843 αὐτόν
1156 1802 1181 1844 ιι

127 1875 189 1939 ὑπὸ
217 1885 271 1938 τοῦ
297 1877 431 1959 πατάγου
457 1886 518 1938 τῶν
543 1878 677 1958 βρωτῶν
704 1875 754 1938 καί
780 1875 840 1939 όπδ
867 1886 921 1939 τοῦ
948 1878 1055 1956 ψόφου
1082 1887 1141 1940 τῶν

125 1973 237 2051 όετῶνς
272 1972 402 2055 άβυσσος
433 1973 489 2057 γὰρ
520 1971 541 2054 ἡ
569 1971 623 2053 μὲν
652 1974 789 2036 κάτωθεν
814 1973 1028 2058 ἀνερρήγνυτο,
1060 1972 1081 2055 ἡ
1108 1973 1141 2038 δὲ

126 2070 250 2134 άνωθεν
275 2071 463 2154 κατεφέρετο,
495 2068 568 2134 δδὲ
594 2071 683 2134 ἔνδον
710 2071 840 2151 ἐκάθητο
868 2071 959 2152 μόνος
985 2071 1056 2152 μετά
1082 2082 1141 2133 τῶν

127 2170 205 2232 υἱῶν
228 2169 329 2231 αὐτοῦ.
369 2170 397 2231 εί
413 2169 469 2252 γάρ
491 2167 541 2230 καί
558 2166 633 2250 θπδρ
651 2178 705 2230 τοῦ
722 2168 824 2243 τέλους
840 2164 898 2250 είχε
915 2175 1049 2251 θαρρεῖν,
1068 2167 1140 2230 ἀλλὰ

126 2278 164 2354 τῇ
182 2278 242 2330 τῶν
255 2267 420 2350 γινομένων
437 2267 617 2349 σφοδρότητι
634 2267 892 2349 προαποτεθνήκει
908 2265 1024 2352 τῷδέει.
1062 2266 1138 2328 ὅπου
1153 2291 1181 2332 ιο

125 2366 183 2448 γὰρ
202 2363 287 2446 ἡμεῖς
305 2353 405 2440 οἰκίας
418 2365 532 2447 ἔχοντες
548 2362 736 2447 ἡδρασμένας
758 2363 807 2427 ἐπί
829 2375 882 2445 τῆς
899 2374 954 2446 γῆς
974 2363 1024 2426 καί
1041 2364 1140 2440 πόλεις

126 2464 281 2538 οἰκοῦντες
295 2463 384 2544 ὅμως,
402 2463 472 2526 ὅταν
486 2464 596 2543 ἴδωμεν
608 2461 819 2544 κατενεχθέντα
829 2461 1029 2546 σφοδρότερον
1040 2460 1141 2545 ὀλίγον

200 2667 216 2715 2
231 2659 366 2734 Εὐσέβιος
379 2661 450 2716 coni.
460 2660 607 2715 Μακεδόσι.
639 2662 674 2729 cf.
689 2660 754 2714 Eus.
771 2659 868 2714 Ohron.
879 2659 975 2731 Migne
985 2661 1015 2714 T.
1028 2666 1069 2729 19,
1080 2666 1138 2716 153.

126 2732 196 2787 Eelo
218 2732 305 2786 ‚him
319 2749 364 2802 ap.
379 2731 492 2787 Cramer
504 2732 608 2788 Anecd.
623 2731 685 2786 Par.
700 2732 767 2800 Hp.
784 2736 843 2798 1⁸10,
853 2736 869 2784 6
878 2748 934 2802 sqq.
949 2764 983 2773 —
1002 2739 1084 2804 8-p.
1096 2739 1139 2801 51,

129 2803 203 2858 100
258 2805 323 2859 οοοδ.
343 2803 380 2858 ad
399 2803 588 2874 sugium.
611 2803 708 2872 Migne
726 2801 756 2856 T.
773 2808 816 2870 47,
829 2808 890 2858 454.

200 2988 214 3035 1
235 2979 434 3045 εόαπόδεικτος
452 2979 561 3035 GNPV
579 2981 636 3051 (σεδ
658 2979 845 3044 εόαττόδεκτος
867 2982 950 3036 etiam
968 2979 1014 3051 W)
1036 2978 1139 3036 εόαπό-

125 3055 225 3116 δεκτος
247 3052 307 3107 rell.
336 3085 370 3093 -
399 3057 415 3105 2
439 3051 583 3122 ίάσηππος
605 3051 660 3107 GR
687 3053 822 3115 ίάσιππος
845 3050 908 3122 (ίόσ.
927 3053 963 3122 Α)
982 3051 1075 3106 AHM.
1104 3083 1138 3092 —

128 3130 144 3178 3
163 3130 214 3194 γῆς
231 3124 281 3178 καλ
299 3124 385 3178 om.F
403 3124 453 3178 καλ
471 3140 521 3178 om.
532 3122 586 3178 GV.
601 3156 635 3165 -
651 3123 795 3194 θαλάσσης
808 3123 905 3178 BPRV
922 3121 1064 3192 θαλάττης
1076 3123 1137 3177 rell.

126 3228 161 3236 -
180 3200 198 3249 4
216 3195 322 3264 κελόφη
338 3194 370 3250 V.
390 3227 424 3235 —
444 3199 459 3248 λ
477 3194 566 3249 τοότω
584 3194 636 3248 DP
662 3203 750 3249 τοῦτο
768 3195 790 3248 Ιί
808 3211 859 3250 om.
878 3194 902 3249 G
923 3202 1006 3249 τοῦτο
1024 3193 1084 3247 rell.
1104 3225 1138 3234 —

125 3265 255 3336 πεφηνός
272 3265 299 3320 V
317 3273 342 3322 ιθ
359 3266 381 3319 L
399 3269 468 3320 m.2
485 3264 668 3337 πεφηνότατα
687 3265 707 3320 G
729 3263 857 3334 πεφυκός
875 3265 906 3319 G.
926 3297 960 3306 -
983 3271 999 3318 8
1018 3265 1066 3320 καί
1084 3264 1138 3335 γὰρ

127 3332 206 3408 -ἦν
225 3338 275 3392 καί
292 3353 344 3393 om.
362 3337 421 3392 RV.
441 3369 476 3380 -
499 3342 547 3393 9ο
584 3336 674 3405 ρέστει
691 3335 796 3392 BFMV
824 3333 954 3406 εδηρέστη
974 3334 1139 3391 ODGHPR

124 3407 291 3479 εόηρέστησε
304 3409 328 3462 Α
339 3407 401 3463 chr.
415 3440 451 3450 —
470 3413 503 3462 10
522 3409 603 3480 ἀλλα]
621 3408 671 3463 καλ
689 3407 773 3470 ἄλλος
785 3408 811 3461 R
828 3409 877 3463 καλ
891 3406 975 3468 άλλας
988 3407 1041 3476 γάρ
1055 3407 1088 3462 V.
1104 3439 1138 3450 —

128 3487 161 3534 14
181 3480 228 3549 ἔξη
247 3479 306 3534 OW
324 3479 421 3549 συνέζη
439 3479 519 3534 FGN
542 3480 617 3549 ἔζησε
637 3480 663 3533 R
680 3477 818 3549 (συνέζησε
837 3477 917 3549 (δίκα).

198 3646 216 3694 θ
234 3638 333 3712 κόχλαι
350 3639 380 3694 P.

181 3739 329 3792 Georgius
342 3740 501 3782 Monachus
516 3740 551 3782 οδ
565 3739 594 3782 δε
607 3740 675 3780 Boot.
697 3738 717 3778 1.
962 3735 979 3781 4
