2617 3909
184 214 249 278 348
496 215 683 266 ΓΕΩΡΓΙΟΤ
701 213 884 266 ΜΟΝΑΧΟΤ

184 363 355 443 μηνύματα,
388 364 421 425 οί
453 372 621 435 σιωπῶντες
656 361 798 444 κήρυκες,
830 361 971 443 αὐχμῶσα
1007 359 1058 422 καὶ
1092 363 1210 443 πιναρὰ

183 462 277 541 κόμη,
302 461 392 534 πόδες
413 460 522 543 γυμνοί
543 460 595 522 καί
616 466 679 534 τοῖς
701 459 905 534 ἀποστολικοῖς
929 460 1084 540 ἑπόμενοι,
1110 460 1208 540 μηδὲν

184 560 290 640 νεκρὸν
317 558 470 640 φέροντες,
499 558 595 640 κονρδι
622 560 799 639 σύμμετρος,
827 559 968 640 περιβολὴ
991 559 1093 636 τόφον
1117 560 1208 620 κολά-

185 661 284 737 ζουσα,
308 659 386 736 ζώνη
409 661 450 740 τῷ
472 656 592 741 ἀκόσμῳ
614 658 724 737 κοσμία
748 656 853 738 μικρόν
871 681 898 718 τι
916 667 969 718 τοῦ
987 667 1114 737 χιτῶνος
1134 656 1208 718 ἀνα·
1286 651 1287 660 ’

145 777 157 817 ι
185 755 341 817 στέλλονσα
376 754 427 816 καὶ
463 755 534 817 όσον
571 755 611 835 μὴ
649 753 849 835 ἀναστέλλειν,
885 755 1015 835 βάδισμα
1047 754 1208 834 εὐσταθές,

184 851 343 932 όφθαλμδς
375 853 412 915 οὐ
443 855 649 933 πλανώμενος,
682 855 820 933 μειδίαμα
852 850 998 934 προσηνές
1030 857 1148 932 μᾶλλον
1178 852 1209 914 δὲ

185 950 261 1033 δρμη
292 950 481 1031 μειδιάματος
511 950 657 1031 ἀκρασίαν
688 950 812 1032 γέλωτος
841 951 1084 1033 σωφρονίζουσα,
1118 951 1208 1032 λόγος

184 1048 320 1135 τῷλόγῳ
343 1050 528 1129 κινοόμενος,
552 1050 648 1128 σιωπὴ
673 1049 763 1131 λόγον
785 1048 949 1130 τιμιωτέρα,
972 1048 1096 1121 ἔπαινος
1121 1050 1209 1110 ἅλατι

184 1145 347 1229 ἠρτυμένος
374 1147 411 1209 οό
438 1147 513 1229 πρὸς
540 1149 677 1209 θωπείαν
704 1143 766 1208 ἀλλ’
792 1144 918 1228 δδηγίαν
945 1156 997 1208 τοῦ
1026 1147 1209 1227 κρείττονος,

146 1267 172 1306 10
185 1244 339 1325 έπίπληξις
361 1245 511 1325 εὐφημίας
532 1244 737 1326 ποθεινοτέρα,
764 1243 852 1327 μέτρα
874 1246 1037 1324 κατηφείας
1060 1243 1114 1305 καλ
1137 1244 1207 1306 όινέ-
1289 1267 1290 1302 ι

186 1362 259 1417 σεως
286 1342 337 1406 καί
364 1341 384 1423 ἡ
412 1339 452 1404 δι’
477 1342 654 1426 ἀμφοτέρων
683 1345 761 1424 μίξις
783 1341 833 1404 καί
854 1353 972 1423 κρᾶσις,
999 1341 1050 1402 καὶ
1073 1340 1094 1402 δι
1119 1344 1206 1422 μείζω

185 1443 298 1504 τούτων
321 1441 362 1503 έτι
384 1441 433 1503 καί
456 1441 639 1523 ὑψηλότερα,
663 1441 679 1504 δ
703 1441 735 1502 έν
757 1441 844 1524 πενίᾳ
867 1445 1003 1519 πλοῦτος,
1026 1437 1047 1519 ἡ
1071 1439 1106 1502 έν
1128 1463 1206 1522 παρ-

186 1542 265 1624 οικίιγ
292 1540 479 1619 κατάστασις,
507 1538 526 1618 ἡ
550 1540 584 1602 έν
611 1539 712 1624 ἀτιμία
735 1539 821 1618 δόξα,
847 1535 866 1617 ἡ
889 1538 923 1599 έν
945 1536 1088 1622 ἀσθενείᾳ
1113 1539 1206 1600 δόνα-

187 1661 251 1716 μις,
283 1635 303 1716 ἡ
335 1637 368 1698 έν
400 1637 511 1722 ἀγαμίρι
542 1639 739 1717 καλλιτεκνία,
771 1638 851 1715 εἴπερ
878 1637 1029 1718 κρείττονα
1056 1647 1119 1698 τῶν
1145 1636 1206 1700 ἀπὸ
1291 1707 1292 1728 ρ

148 1755 173 1796 ιε
187 1736 295 1816 σαρκὸς
322 1734 486 1817 ἐρχομένων
513 1735 549 1797 τὰ
577 1735 651 1797 κατὰ
673 1735 748 1797 θεὸν
770 1735 954 1816 γεννήματα,
982 1735 1014 1795 οἱ
1033 1745 1207 1817 τρυφῶντες
1291 1737 1292 1806 ί

188 1834 220 1894 τὸ
243 1833 284 1913 μὴ
307 1843 434 1914 τρυφᾶν,
458 1835 489 1895 οἱ
509 1833 642 1895 ταπεινοί
664 1831 738 1915 ὑπὲρ
756 1843 816 1894 τῶν
835 1833 983 1912 οὐρανῶν,
1006 1833 1038 1893 οἱ
1059 1831 1156 1912 μηδὲν
1175 1833 1206 1894 έν

187 1932 287 2017 κόσμῳ
315 1931 366 1993 καὶ
393 1929 467 2013 ὑπὲρ
489 1931 541 1994 τὸν
563 1932 691 2011 κόσμον,
719 1932 751 1992 οί
771 1930 879 2013 σαρκὸς
901 1930 956 2004 ἔξω
979 1929 1028 1991 καλ
1051 1931 1085 1992 έν
1110 1934 1206 2012 σαρκί,

89 2043 128 2083 258
142 2041 172 2080 M·
188 2023 231 2092 ὧν
254 2029 335 2111 μερὶς
357 2031 469 2111 κόριος,
492 2032 525 2092 οί
543 2028 652 2110 πτωχοί
676 2029 726 2090 διδι
748 2030 899 2108 βασιλείαν
921 2027 971 2090 καί
990 2027 1040 2089 διὰ
1059 2031 1207 2110 πτωχείαν
1292 2027 1293 2036 ’

188 2129 399 2209 βασιλεύοντες.
445 2121 529 2190 οὗτοί
550 2151 584 2208 με
606 2127 657 2189 καλ
684 2125 826 2210 παρόντες
848 2126 983 2207 λαμπρὸν
1006 2136 1163 2207 ποιοῦσιν,
1187 2125 1206 2206 ἡ

149 2248 176 2286 ιο
190 2226 245 2306 ἐμὴ
272 2228 441 2307 περιουσία,
472 2227 503 2288 τὸ
531 2226 603 2306 ἐμὸν
634 2225 824 2306 έντρόφημα,
853 2222 903 2285 καὶ
932 2221 1057 2296 ἀπόντες
1087 2223 1208 2287 σνστέλ-

189 2330 300 2386 λουσιν.
337 2325 413 2397 τίνες
437 2323 469 2386 δέ
491 2325 566 2385 εἰσιν
589 2317 686 2400 οὕτως
710 2325 741 2385 οἳ
756 2323 870 2402 κόσμον
888 2323 1063 2402 χωρίσαντες
1081 2321 1209 2395 ἑαυτοὺς

189 2421 239 2483 καὶ
262 2429 300 2507 τῷ
320 2428 382 2506 θεῷ
405 2422 457 2484 τὸν
479 2424 547 2503 βίον
569 2422 805 2502 καθιερώσαντες
826 2419 876 2480 καὶ
899 2419 954 2499 τὴν
976 2419 1089 2501 ἔρημον
1111 2418 1207 2480 ἀσπα-

190 2519 306 2598 ζόμενοι
329 2521 398 2591 ζῶσι
421 2524 484 2604 θεῷ
506 2520 627 2580 πόντων
650 2524 761 2598 μᾶλλον
783 2528 842 2579 τῶν
860 2515 1068 2599 στρεφομένων
1092 2517 1126 2578 ἐν
1150 2519 1207 2579 σώ-

191 2640 273 2696 ματι,
306 2615 377 2698 λέγω
406 2615 438 2677 δέ
467 2617 537 2690 τοὺς
564 2611 636 2677 καθ’
663 2615 741 2697 ἡμᾶς
768 2617 973 2696 Ναζηραίονς,
1006 2616 1038 2676 οἱ
1067 2613 1124 2695 μέν
1156 2617 1208 2677 τὸν

196 2888 218 2942 h
242 2819 480 2940 1333428
499 2813 612 2884 Gregor.
632 2813 677 2868 Or.
698 2814 727 2868 in
746 2814 859 2869 laudem
877 2811 1027 2868 Athanasii
1047 2818 1089 2866 19.
1109 2813 1208 2884 Migne

189 2906 200 2940 ι
221 2930 225 2940 .
348 2929 353 2940 .

262 3034 278 3082 3
297 3029 345 3082 καλ
363 3028 496 3100 περιβολὴ
514 3027 548 3081 N.
569 3060 602 3068 -
623 3034 656 3081 11
676 3027 774 3096 κράσις
792 3028 871 3082 codd.
891 3059 926 3067 —-
946 3033 979 3082 16
998 3026 1163 3097 ἀρχομένων
1181 3028 1208 3080 Ν

191 3105 232 3171 (ιιι
252 3101 378 3171 θεαροωλ
396 3100 472 3154 codd.
487 3100 634 3169 πονικιιλλι),
653 3131 687 3138 -
708 3105 740 3152 16
759 3100 803 3170 τὸ]
817 3103 855 3171 τῷ
873 3098 986 3169 LGreg.
1006 3131 1041 3138 -
1059 3099 1132 3167 ὑπὲρ
1151 3109 1208 3154 τῶν

191 3173 321 3240 οόρανῶν
340 3170 443 3224 ΑΒΕΡ
466 3176 491 3225 et
509 3170 573 3225 Exc.
593 3189 627 3225 ιιι.
643 3176 659 3224 1
678 3187 746 3226 corr.
765 3188 799 3224 εκ
816 3168 886 3238 ὑπὲρ
908 3170 958 3224 τὸν
982 3170 1114 3237 οόρανόν.
1136 3171 1207 3238 όπέρ

190 3244 241 3297 τὸν
264 3243 387 3311 οόρανόν
409 3239 470 3296 rell.
494 3274 528 3282 —
554 3247 586 3296 19
610 3243 655 3313 με]
684 3241 734 3311 μὲν
757 3241 809 3294 CR
831 3249 856 3297 et
878 3239 900 3294 P
923 3242 963 3295 lit.
982 3257 1050 3296 σοιν.
1075 3273 1109 3281 -
1134 3261 1207 3308 παρ-

192 3324 276 3374 ῶντες
297 3315 322 3366 A
344 3312 473 3381 παρόντα
491 3313 513 3365 F
536 3314 573 3382 μὴ
596 3311 735 3380 παρόντες
756 3311 789 3368 V.
814 3345 848 3353 -
866 3313 992 3382 λαμπρὸς
1014 3311 1151 3382 (λάμττρος
1173 3313 1208 3438 Eg

191 3392 321 3436 ποιοῦσιν
336 3384 384 3437 ΟΕ
402 3387 533 3453 λαμπρῶς
550 3403 578 3437 π.
595 3383 620 3436 R
637 3388 878 3452 λαμπροποιοῶσιν
891 3385 924 3438 Α.
943 3415 979 3424 -
997 3389 1031 3436 20
1051 3384 1173 3445 ἅπαντες

192 3452 302 3506 ἀπόντα
316 3454 345 3506 F.
361 3485 394 3492 —
410 3461 443 3506 21
459 3453 633 3524 χωρήσαντες
650 3454 721 3506 AFP
730 3454 795 3508 Exe.
811 3462 836 3510 et
849 3454 873 3507 D
888 3459 952 3508 καθ
965 3471 1032 3510 σοιν.
1048 3487 1082 3495 -
1097 3461 1131 3508 23
1146 3475 1209 3523 τρε-

194 3521 323 3588 φομένων
336 3524 462 3577 BPExe.
478 3555 510 3562 -
531 3530 566 3576 24
584 3524 619 3592 δὴ
638 3524 736 3578 RExc.
751 3557 786 3564 —
800 3523 968 3594 ναζηοαίονς
981 3525 1137 3580 ABNExc.
1157 3547 1209 3580 να-

194 3587 317 3655 ζιραίονς
339 3592 398 3645 rell.
431 3595 468 3646 Ικ
491 3593 512 3645 Ρ
535 3593 697 3660 ναζιραίοος
714 3613 747 3649 eae
766 3595 933 3666 ναζηραίοος
950 3613 1018 3652 corr.
1038 3614 1107 3652 nese.
1126 3615 1152 3666 q.
1173 3615 1209 3652 m.
