2617 3909
529 239 718 290 XPONIKON
805 321 807 324 Ι
1067 237 1132 301 379

115 391 173 458 σας
195 385 288 446 αὐτοῦ
310 383 385 467 λέγει
407 385 520 460 αὐτοῖς·
552 388 581 447 τί
600 387 724 463 ’ποιεῖτε;
748 384 764 447 ὁ
788 385 903 460 δίκαιος
926 392 1036 466 μᾶλλον
1058 384 1132 466 ὑπὲρ

117 483 204 562 ὑμῶν
235 483 356 564 εύχεται.
407 483 457 544 καὶ
488 485 610 567 δραμών
640 508 685 557 τις
712 485 845 563 κναφεύς
872 485 981 547 ἔδωκεν
1009 486 1051 558 είς
1077 485 1132 564 τὴν

118 581 253 660 κεφαλήν
281 582 373 644 αὐτοῦ
401 581 472 662 μετὰ
497 591 551 644 τοῦ
579 583 684 662 ξύλου,
712 583 744 645 ἐν
768 571 791 668 ᾧ
818 582 854 643 τδι
877 582 1131 664 ίμύτιαέιιπιέζει,

115 677 168 738 καί
190 690 367 762 παραχρῆμα
394 679 576 761 ἐτελεύτησεν
600 679 615 742 δ
640 682 761 754 δίκαιος.
807 681 964 759 θάψαντες
986 679 1017 743 δὲ
1040 681 1132 744 αὐτὸν

116 775 198 857 παρὰ
224 783 264 861 τῷ
292 784 354 862 ναῷ
379 776 538 859 άνήγειραν
570 778 663 840 αὐτοῦ
691 779 746 858 τήν
773 779 891 858 στήλην.
942 779 1012 858 μετὰ
1039 778 1072 841 δὲ
1098 779 1132 841 τδ
1150 801 1171 840 ὀ

117 874 281 955 μαρτύριον
299 875 392 937 αὐτοῦ
410 875 490 957 παρά
503 876 599 950 πόδας
608 871 800 958 Ἰερουσαλήμ
813 881 1017 958 πολιορκεῖται.
1057 877 1132 957 φησὶ

116 971 173 1051 γὰρ
193 968 348 1053 Ἰώσηπος·
376 983 467 1034 ταῦτα
490 972 521 1036 δέ
544 973 731 1055 συμβέβηκεν
750 970 907 1048 Ἰουδαίοις
929 973 992 1037 κατ’
1014 976 1132 1056 ἐκδίκη-

115 1087 166 1130 σιν
185 1065 328 1150 Ἰακώβου
350 1081 403 1132 τοῦ
427 1072 558 1151 δικαίου,
587 1069 620 1145 δς
642 1064 682 1151 ἡν
705 1072 832 1152 ἀδελφὸς
852 1069 950 1151 Ἰησοῦ
973 1084 1026 1135 τοῦ
1050 1080 1131 1156 λεγο-

116 1165 208 1245 μένου
231 1173 377 1249 Χριστοῦ,
400 1169 557 1250 ἐπειδήπερ
580 1171 766 1233 δικαιότατον
788 1171 880 1233 αὐτὸν
903 1170 973 1233 ὄντα
992 1166 1130 1234 Ἰουδαῖοι
1145 1196 1184 1236 εει
1198 1194 1229 1234 οι.

113 1263 297 1327 ἀπέκτειναν.
623 1328 626 1332 ⁴
1121 1294 1171 1334 ,το
1282 1271 1283 1288 ’

186 1364 227 1424 Οί
247 1358 509 1426 τοίνυνἽουδαῖοι
536 1365 607 1445 μετὰ
629 1367 684 1446 τήν
707 1377 759 1428 τοῦ
782 1368 888 1449 κυρίου
911 1364 997 1446 ἡμῶν
1020 1366 1130 1447 ἀνάλη-

112 1475 173 1537 ψιν
200 1459 379 1540 ἀπολέμητοι
405 1462 455 1541 ἔτη
483 1460 518 1542 μ’
545 1463 709 1544 διέμειναν,
737 1474 789 1525 τοῦ
817 1468 948 1544 Χριστοῦ
976 1471 1130 1546 μακροθυ-

114 1567 244 1636 μοῦντος
280 1559 328 1622 ἐπί
363 1569 398 1644 τῇ
435 1562 606 1646 παρανομία
641 1561 692 1622 καί
723 1564 869 1646 θεομαχίμ
901 1562 1013 1643 αὐτῶν,
1050 1563 1130 1637 ὅπως

113 1658 389 1738 γνωσιμαχήσαντες
416 1657 464 1719 έπί
491 1669 526 1743 τῇ
550 1659 671 1743 τοιαύτη
694 1662 874 1745 πλημμελείᾳ
897 1660 1019 1744 ι’σχυρδιν
1043 1661 1130 1739 ποιή-

114 1771 226 1815 σωνται
243 1755 298 1834 τήν
312 1757 477 1835 μετάνοιαν.
508 1758 581 1819 ὅθεν
595 1757 696 1831 αὐτοῖς
711 1758 825 1841 φοβερὰ
844 1765 950 1838 σημεῖα
963 1759 1129 1821 ἐπεδείκνυε
1144 1783 1169 1823 15

114 1853 171 1930 τήν
194 1852 357 1932 μέλλουσαν
384 1856 618 1935 καταλαμβάνειν
643 1855 754 1929 αύτούς
776 1857 885 1918 ἀλασιν
908 1858 1129 1938 προμηνύοντα.

113 1949 147 2010 ἐν
175 1950 231 2032 γάρ
259 1961 294 2036 τῇ
322 1963 381 2013 τῶν
408 1951 527 2032 ἀζύμων
555 1953 639 2038 ἑορτή
673 1953 739 2034 περί
772 1953 852 2036 ὤραν
880 1951 917 2014 θ’
944 1964 997 2034 τῆς
1023 1954 1130 2027 νυκτὸς

113 2059 257 2112 τοσοῦτον
290 2059 356 2129 φῶς
387 2051 439 2113 τὸν
465 2050 540 2112 ναὸν
567 2051 617 2111 καί
643 2050 696 2112 τὸν
723 2051 825 2131 βοομδν
856 2051 1056 2132 περιέλαμψεν
1082 2050 1130 2114 έπλ

113 2149 196 2230 ὥραν
229 2149 300 2226 μίαν
331 2145 371 2220 ὥς
403 2149 502 2209 δοκεῖν
533 2145 646 2229 ἡμέραν
678 2147 825 2230 γενέσθαι.
878 2149 948 2228 μετὰ
980 2147 1012 2211 δὲ
1043 2159 1129 2211 τοῦτο

112 2246 212 2325 ἐφάνη
236 2242 345 2325 ἀστρον
371 2244 446 2327 ὑπὲρ
476 2245 532 2324 τὴν
554 2246 641 2307 πόλιν
664 2247 798 2330 ῥομφαίᾳ
820 2247 1034 2327 παραπλήσιον.
1079 2245 1170 2311 καίεο
1282 2253 1283 2322 ξ

112 2343 214 2406 ἀλλοτε
241 2341 260 2422 ἡ
289 2342 447 2422 ἀνατολικὴ
479 2349 571 2424 χαλκή
598 2345 678 2422 πύλη
710 2354 763 2424 τής
790 2345 901 2418 πόλεως
930 2343 1129 2426 σιδηροδέτοις

112 2439 267 2520 κλειομένη
300 2446 418 2521 μοχλοῖς
450 2441 500 2502 καὶ
532 2442 615 2520 μόλις
646 2441 706 2504 ὑπὸ
738 2441 857 2523 ἀνδρῶν
889 2439 918 2503 λ’
949 2441 1128 2523 ἀνοιγομένη

110 2539 209 2618 ἀφθη
241 2537 307 2619 περὶ
339 2538 421 2621 ὥραν
452 2536 485 2618 η’
517 2549 570 2619 τῆς
601 2539 708 2612 νυκτὸς
735 2539 912 2624 ἀνεῳγμένη.
962 2539 1012 2601 καὶ
1040 2541 1129 2602 πάλιν

113 2636 215 2698 ἀλλοτε
242 2635 407 2719 ὦράθησαν
434 2637 491 2717 πρὸ
519 2634 605 2716 ἡλίου
634 2638 746 2711 δύσεως
774 2635 842 2699 ὡσεί
865 2639 978 2719 ἅρματα
1002 2636 1129 2719 μετέωρα

113 2733 164 2796 καὶ
192 2735 372 2817 στρατόπεδα
399 2735 508 2796 ἔνοπλα
536 2735 722 2816 διατρέχοντα
749 2735 815 2818 περὶ
837 2737 889 2799 τὸν
911 2735 983 2816 ἀέρα
1005 2735 1055 2796 καί
1077 2735 1128 2810 τὰς
1142 2759 1167 2800 ει
1282 2801 1283 2816 2

113 2832 214 2905 πόλεις
236 2833 491 2913 περιστοιχίζοντα.
537 2833 608 2912 μετὰ
631 2831 663 2895 δὲ
685 2843 776 2894 ταῦτα
798 2833 830 2894 έν
853 2839 917 2908 ταῖς
935 2831 1057 2914 ἡμέραις
1075 2844 1128 2914 τῆς

113 2931 318 3010 σκηνοπηγίας
340 2929 444 3011 ἑορτῆς
461 2930 518 3010 πρὸ
537 2930 610 2992 έτῶν
629 2933 647 2992 δ
652 2929 661 2950 ’
680 2941 732 2992 τοῦ
752 2930 893 3012 πολέμου,
916 2931 1128 3012 είρηνευούσης

114 3026 164 3087 καί
185 3028 378 3107 εὐθηνούσης
400 3028 442 3089 ἔτι
464 3038 516 3108 τής
542 3030 654 3102 πόλεως
676 3027 838 3111 ἅνθρωπός
860 3054 903 3103 τις
923 3026 1037 3108 Ἰησοῦς
1059 3029 1128 3091 τού-

185 3225 270 3280 7J0s.
282 3226 365 3281 Aroh.
375 3226 435 3294 XX,
450 3231 528 3281 2002
543 3259 579 3267 -
594 3233 698 3282 11-15
713 3229 747 3296 cf.
763 3226 826 3280 Eue.
838 3226 910 3281 Hist.
926 3227 992 3282 εοο1.
1007 3227 1054 3294 ΙΠ,
1066 3233 1091 3294 ⁷,
1102 3233 1126 3281 8.

114 3326 147 3334 -
163 3301 266 3367 lb-p‘.
282 3303 344 3366 380,
355 3303 389 3352 10
402 3299 437 3366 cf.
452 3299 516 3352 Eus.
531 3298 687 3361 Πίστοοοί.
702 3298 776 3365 ΙΠ,8
791 3317 824 3354 αι
838 3298 950 3368 ίοεεμίι.
966 3298 1035 3353 Bell.
1046 3299 1092 3365 VI,
1102 3305 1126 3353 5.

184 3481 200 3527 2
219 3476 297 3544 ὑμῶν
310 3475 415 3530 ΑΒΕΙι
425 3476 489 3531 Eun.
508 3476 586 3544 ἡμῶν
604 3476 665 3532 rell.
680 3509 716 3518 --
733 3478 918 3550 προσεύχεται
937 3477 970 3531 N.
989 3509 1022 3518 -
1042 3483 1057 3531 3
1076 3486 1126 3532 τοῦ

112 3559 163 3598 om.
178 3545 241 3599 NR.
262 3578 295 3586 -
315 3552 331 3600 8
350 3555 400 3600 τοῦ
419 3548 499 3616 ἰησοῦ
518 3548 575 3602 RV.
596 3580 630 3589 —
650 3556 666 3603 9
686 3548 782 3618 ἐπειδὴ
801 3549 835 3602 N.
856 3580 889 3589 —
911 3555 944 3604 14
962 3549 1128 3618 ποιήσονται

112 3613 222 3670 ΑΟΡΜ.
242 3649 276 3658 -
295 3623 330 3672 24
349 3618 459 3687 ἅρματα
478 3618 585 3674 cFLM.
605 3652 639 3661 —
660 3626 693 3675 26
713 3617 930 3692 περιτειχίζοντα
949 3621 1014 3676 BM.
