2617 3909
543 246 748 325 pacurano
1011 248 1153 299 nxxxm
1272 258 1274 262 ·

134 396 265 457 accidere
278 398 398 472 poterat
414 396 530 453 homini
543 412 650 471 parum
666 394 782 455 erudito
797 395 944 469 athahid,
963 395 1035 453 dum
1053 396 1151 457 fontes

136 504 196 545 non
204 483 423 545 transcribebat
436 483 488 542 sed
501 482 694 542 retractabat.
730 484 831 560 Atque
845 486 978 543 omnium
992 484 1041 543 vel
1054 485 1151 561 plero-

131 594 255 650 rumque
287 573 434 633 librorum
463 592 525 633 non
554 590 573 632 a
599 573 673 634 viris
701 573 798 633 doctis
828 577 900 651 post
927 574 1151 633 emendatorum

131 682 290 724 consensus
313 663 507 737 demonstrat,
531 660 694 739 Georgium
717 662 766 721 hic
788 663 852 722 illic
875 661 926 722 ἴνα
948 666 980 722 et
1006 660 1059 722 ἐὰν
1081 682 1149 723 con-

130 752 261 812 iunxisse
284 772 352 812 cum
374 750 463 811 modo
485 750 665 825 indicativo,
695 754 889 829 augmentum
911 752 1077 828 temporale
1100 772 1149 812 ne·

131 843 266 921 glexisse,
285 839 342 900 σὺν
357 841 543 901 coniunxisse
557 859 625 909 cum
644 841 793 919 genetivo,
811 837 871 901 ἀπὸ
890 860 958 901 cum
972 843 1151 917 accusativo,

130 922 193 989 alia
215 930 368 990 eiusmodi.
406 930 509 989 Etiam
528 930 650 1006 nomina
669 931 791 1005 propria
810 930 891 1006 apud
906 950 977 989 eum
993 932 1150 991 inveniun-

130 1022 183 1078 tur
204 1020 252 1079 hio
275 1020 339 1079 illic
356 1020 432 1078 talia
451 1019 553 1095 qualia
575 1017 738 1095 byzantina
756 1018 875 1077 demum
893 1021 993 1079 aetate
1011 1021 1152 1097 usurpari

130 1109 281 1183 solebant,
307 1107 403 1171 veluti
422 1102 559 1186 Ἰούκτωρ
588 1127 643 1184 pro
670 1104 820 1187 Οὐίκτωρ,
844 1105 983 1185 Πόμπιος
1011 1110 1042 1167 et
1064 1110 1150 1186 Hop-

130 1197 288 1269 πιούπολις
310 1217 365 1274 pro
389 1195 549 1275 Πομπήιος
571 1199 602 1255 et
624 1195 886 1274 Πομπηιούπωλις,
908 1197 972 1255 alia
993 1196 1026 1254 id
1048 1215 1149 1275 genus.

131 1287 219 1347 Tales
242 1289 336 1364 igitur
358 1288 458 1346 variar
481 1286 623 1347 lectiones
645 1287 680 1343 in
698 1287 878 1361 apparatum
897 1286 1034 1345 criticum
1050 1288 1151 1362 recepi

130 1377 226 1435 multo
248 1376 363 1452 plures,
392 1394 482 1451 quam
509 1377 541 1434 in
564 1374 727 1433 vetustiore
755 1375 900 1452 scriptore
923 1376 1018 1451 recipi
1044 1375 1149 1434 solent.

130 1464 210 1533 Quin
234 1466 326 1524 etiam
348 1465 428 1524 locos
447 1465 552 1523 notavi
574 1463 627 1522 ubi
645 1464 763 1524 vocales
786 1464 891 1524 affines
914 1463 994 1524 inter
1017 1481 1048 1522 se
1071 1482 1150 1524 com·

130 1556 295 1627 mutantur,
308 1554 404 1613 veluti
413 1556 446 1613 in
454 1554 611 1613 modorum
620 1552 780 1613 indicativi
788 1555 820 1613 et
828 1554 1012 1613 coniunctivi
1021 1554 1150 1613 secunda

129 1646 161 1702 et
183 1644 278 1702 tertia.
297 1662 433 1719 persona·
447 1634 541 1723 (λύεις
564 1644 595 1701 et
617 1640 681 1701 λύει
703 1662 759 1719 pro
776 1641 851 1724 λύῃς
870 1645 903 1701 et
925 1634 1006 1724 λύῃ),
1029 1643 1080 1702 vel
1096 1643 1151 1702 ubi

130 1735 325 1811 augmentum
352 1731 509 1791 verborum
532 1730 570 1789 ab
594 1750 611 1789 o
638 1732 847 1807 incipientium
874 1732 1040 1810 negligitur
1065 1724 1149 1813 (dao-

130 1818 278 1899 μασμένος
301 1840 355 1897 pro
379 1812 624 1901 ὠνομασμένος),’
644 1822 782 1896 quamvis
809 1821 856 1879 his
878 1822 952 1880 locis
975 1823 1148 1897 posterioris

129 1910 249 1970 demum
263 1910 371 1969 aetatis
385 1909 524 1969 librarios
538 1912 642 1968 contra
661 1909 893 1987 orthographiae
911 1910 993 1988 leges
1011 1928 1148 1986 peccasse

128 1999 292 2059 verisimile
321 2000 369 2058 sit.
420 1998 529 2059 Facere
556 2001 657 2064 tamen
687 2017 747 2058 non
771 1988 863 2075 potui
891 2000 963 2074 quin
991 1999 1070 2059 solas
1098 2018 1148 2058 eas

128 2090 307 2166 respicerem
329 2089 479 2162 lectiones,
503 2089 629 2163 quaein
648 2087 834 2147 diversarum
855 2087 1041 2146 familiarum
1063 2086 1149 2147 libris

128 2178 325 2237 inveniuntur
346 2177 392 2236 ita
409 2178 521 2251 multis,
543 2179 580 2235 ut
602 2176 702 2252 ipsum
721 2175 882 2254 Georgium
904 2177 1016 2236 formas
1038 2176 1148 2252 hyaen-

128 2268 210 2325 tinas
232 2285 391 2343 usurpasse
415 2267 560 2343 suspicari
578 2265 744 2325 conveniat.
781 2265 933 2341 Imprimis
952 2268 1053 2325 autem
1071 2264 1147 2325 eius-

128 2356 211 2416 modi
234 2356 377 2415 lectiones
396 2356 517 2415 exhibui
535 2373 594 2431 eas,
618 2356 671 2431 qui
689 2357 720 2414 et
741 2356 775 2412 in
792 2354 822 2412 P
841 2356 872 2414 et
888 2356 921 2413 in
939 2353 1025 2414 libris
1043 2354 1147 2432 pleris-

130 2464 188 2521 que
211 2465 246 2504 ex
274 2445 374 2505 codice
401 2446 563 2521 archetypo
591 2445 755 2503 retractato
784 2442 918 2503 oriundis
944 2443 1148 2518 inveniuntur,

129 2554 313 2611 quamquam
330 2534 365 2609 P,
388 2535 423 2593 ut
445 2534 506 2593 iam
529 2552 620 2610 supra
638 2532 708 2607 dixi,
732 2532 882 2592 amandis
902 2533 1147 2612 otthographicis,
1209 2554 1211 2559 ·

128 2643 206 2701 quae
229 2623 386 2683 librarium
408 2624 441 2681 in
464 2623 529 2699 ipso
548 2620 672 2699 Georgii
689 2621 766 2681 libro
785 2640 844 2681 non
866 2622 1016 2683 invenisse
1034 2625 1147 2683 certum

128 2715 177 2787 sit,
200 2712 324 2772 minime
346 2712 423 2772 liber
445 2716 499 2771 est.
597 2758 599 2763 ,
