2617 3909
197 231 263 296 290
504 229 692 282 ΓΕαΡΓιου
709 227 893 280 αοαεαου

196 379 303 454 άλλους
329 377 565 460 αἰχμαλωτεύσας
591 375 729 456 ἀπῆλθεν
754 374 882 457 άρχοντα
913 373 1082 436 καταλιπὼν
1111 375 1155 448 εἰς
1181 376 1214 437 τὸ

196 479 364 559 βασανίζειν
395 475 465 550 τοὺς
489 470 660 549 Ἰουδαίους.
706 476 853 547 Ματθίας
880 472 913 534 δέ
943 497 987 547 τις
1016 473 1116 555 ἱερεὺς
1140 474 1214 553 ἔχων

196 577 283 650 υίούς
304 574 400 655 πέντε,
423 567 478 653 ἀφ’
505 566 547 635 ὧν
567 567 683 646 Ἰούδας
706 569 722 633 ό
745 570 796 633 καί
819 573 1020 652 Μακκαβαῖος
1044 571 1214 652 έτύγχανεν,

197 675 287 754 ζήλου
318 670 463 751 πλησθεὶς
494 670 544 732 καί
576 669 707 753 ὁρμήσας
737 669 814 731 κατὰ
844 677 898 730 τοῦ
929 666 1071 749 άρχοντος
1101 668 1214 732 ἀνεῖλεν

171 771 299 850 ταύτόν,
326 769 376 832 καί
401 767 579 853 συναγαγὼν
605 769 739 842 ἅπαντας
766 767 836 842 τούς
862 765 929 848 περί
951 767 1044 829 αὐτὸν
1066 767 1215 849 ἐπέρχεται

197 868 247 930 καὶ
278 869 472 930 κατασκάπτει
503 866 573 940 τοὺς
604 865 795 946 ἀκαθάρτους
825 863 947 945 βωμοὺς
977 874 1038 926 τῶν
1061 860 1215 946 Ἑλλήνων

197 965 247 1028 καί
269 966 338 1041 τοὺς
359 964 544 1039 ἀποστάντας
566 974 619 1026 τοῦ
641 965 738 1044 νόμου
761 964 884 1045 ἀναιρεῖ.
922 960 937 1024 ό
962 961 995 1025 δέ
1016 986 1050 1045 γε
1066 959 1215 1045 Ἀντίοχος

198 1063 334 1145 ἀκόσμως
356 1087 385 1126 τε
407 1062 458 1126 καί
480 1060 641 1143 ἡττημένος
663 1061 697 1124 έκ
719 1071 779 1123 τῶν
796 1061 870 1122 κατὰ
888 1063 1022 1144 Περσίδα
1039 1060 1146 1124 τόπων
1163 1063 1217 1141 τήν

198 1161 353 1238 ἀνάζευξιν
379 1161 558 1242 ποιούμενος
585 1159 635 1222 καί
664 1159 698 1221 έκ
724 1164 835 1239 πολλής
861 1157 996 1238 ἀθυμίας
1022 1157 1218 1240 ἀρρωστήσας

159 1285 185 1326 ιο
198 1261 258 1341 ἔφη
281 1260 354 1342 πρὸς
377 1259 446 1334 τοὺς
472 1259 579 1321 ἑαυτοῦ
607 1258 793 1340 μεγιστάνας·
816 1257 974 1335 ἀφίσταται
996 1256 1013 1320 δ
1036 1258 1137 1331 ὕπνος
1158 1257 1216 1318 ἀπὸ
1285 1256 1286 1261 ’

198 1369 257 1422 τῶν
289 1356 458 1438 ὀφθαλμῶν
486 1379 560 1437 μου,
587 1355 637 1417 καὶ
665 1353 863 1434 συμπέπτωκα
890 1353 949 1416 ἀπὸ
976 1364 1030 1435 τής
1064 1357 1215 1436 μερίμνης.
1285 1394 1286 1407 1

198 1466 256 1519 νύν
279 1449 335 1520 ούν
358 1455 559 1536 μιμνήσκομαι
582 1463 641 1514 τῶν
663 1463 775 1533 κακῶν,
798 1444 842 1514 ὧν
868 1451 994 1532 ἐποίησα
1016 1452 1049 1514 έν
1067 1449 1217 1535 Ἱερουσα-

201 1556 270 1635 λήμ,
293 1553 342 1615 καί
365 1554 460 1635 ἔγνων
483 1553 528 1614 ότι
549 1553 635 1634 χάριν
660 1552 773 1613 τούτων
794 1544 885 1632 εύρόν
902 1573 937 1629 με
960 1550 996 1612 τὰ
1014 1550 1092 1612 κακά
1115 1561 1217 1632 ταῦτα,

199 1650 250 1714 καί
283 1651 350 1713 ίδού
382 1650 548 1730 ἀπόλλυμαι
580 1649 613 1712 έν
643 1659 683 1735 γή
717 1648 861 1733 ἀλλοτρία.
906 1646 957 1709 καί
990 1648 1131 1723 συνέταξε
1166 1650 1218 1711 τὸν

161 1772 186 1814 15
202 1747 408 1830 ἁρματηλάτην
433 1747 597 1822 ἀνενδότως
613 1747 786 1810 ’ἐλαύνοντα
812 1746 984 1808 κατανεύειν
1010 1746 1067 1825 τήν
1094 1750 1218 1830 πορείαν

202 1845 419 1925 ἐπαισθόμενος
446 1845 575 1928 ἐναργῶς
602 1855 655 1925 τής
682 1844 803 1908 ἀνωθεν
828 1845 951 1926 κρίσεως
978 1843 1035 1923 τήν
1065 1846 1216 1926 τιμωρίαν.

201 1944 321 2026 συνέσχε
343 1943 399 2026 γὰρ
422 1943 513 2006 αύτδν
536 1942 696 2021 ἀνήκεστος
722 1942 861 2025 ἀλγηδὼν
887 1952 947 2003 τῶν
970 1943 1148 2024 σπλάγχνων
1168 1942 1217 2003 καί

201 2042 303 2126 πικραί
326 2052 384 2104 τῶν
407 2042 495 2105 ένδον
517 2042 654 2123 βάσανοι,
677 2040 790 2122 συνέβη
812 2039 844 2102 δέ
861 2040 912 2102 καί
930 2047 1029 2102 πεσεῖν
1047 2040 1142 2103 αὐτὸν
1159 2040 1216 2101 ἀπὸ

202 2152 255 2204 τοῦ
278 2142 406 2224 δέρματος
432 2142 519 2227 ῥοίζῳ
542 2139 723 2224 φερόμενον,
749 2137 800 2200 καί
822 2139 959 2220 δυσχερεῖ
980 2140 1114 2218 πτώματι
1137 2162 1217 2221 περι-

162 2265 189 2304 ιο
202 2239 329 2303 πεσόντα
364 2239 460 2300 πάντα
496 2248 549 2300 τοῦ
584 2239 719 2317 σώματος
754 2235 1029 2318 ἀποστρεβλοῶσθαι
1065 2236 1102 2297 τὰ
1138 2236 1217 2316 με’λη.

202 2337 222 2419 ή
246 2337 278 2401 δὲ
300 2337 389 2412 νόσος
411 2345 553 2399 τοσοῦτον
580 2334 739 2416 ἐπέτεινεν,
766 2335 838 2396 ὥστε
860 2334 910 2395 καί
923 2334 1088 2413 ’σκώληκας
1111 2334 1218 2417 ἐκβρά-

202 2455 252 2499 σαι
274 2435 324 2498 καί
346 2435 379 2498 έν
402 2433 525 2508 ὀδύναις
547 2435 694 2516 μεγίσταις
714 2432 905 2495 καταπίπτειν
924 2433 1018 2495 αὐτοῦ
1035 2431 1089 2506 τὰς
1107 2435 1219 2516 σάρκας

276 2622 356 2686 98ης.
376 2615 396 2670 Ι.
411 2614 498 2668 Mace.
515 2619 540 2680 6,
555 2619 634 2684 Ssqq.
654 2646 690 2654 —
710 2620 743 2667 14
752 2631 806 2683 εςς.
825 2613 858 2668 IL
873 2613 961 2668 Μεοο.
977 2619 1003 2679 9,
1017 2620 1099 2684 48ης.

275 2781 291 2828 2
311 2771 517 2844 ματατθεῑαςῦ
535 2770 733 2844 ματθαδίαςέΊ
752 2769 918 2843 ματθαθίας
933 2772 962 2825 L.
977 2804 1013 2813 —
1031 2772 1047 2827 δ
1066 2791 1118 2828 om.
1133 2776 1168 2828 A.
1186 2807 1218 2814 -

205 2847 253 2901 καλ
271 2863 321 2902 om.
341 2845 421 2900 codd.
435 2852 543 2913 praeter
560 2845 641 2899 APV.
662 2876 696 2885 -
715 2849 730 2898 7
749 2865 780 2916 γε
798 2862 848 2901 om.
868 2843 935 2898 ΒΜ.
956 2875 990 2884 -
1010 2850 1026 2898 8
1045 2864 1075 2898 τε
1093 2847 1144 2899 καλ
1162 2845 1218 2914 ήττ.

205 2934 255 2974 om.
274 2917 306 2972 B.
330 2948 363 2958 —
387 2915 543 2986 ήττημέυως
565 2917 648 2972 FNV.
672 2949 707 2959 —
733 2913 865 2983 περοίδος
886 2917 911 2971 Α
936 2911 1039 2984 περσίδ
1060 2918 1221 2986 compendio

204 3007 254 3044 scr.
269 2988 300 3042 Β.
321 3019 353 3028 -
375 2993 407 3042 10
426 2988 608 3057 μεγιστάνους
625 2988 684 3042 PM.
705 3020 738 3028 —
764 2992 796 3040 12
815 2985 971 3056 μνήσκομαι
989 2985 1094 3042 BGLN
1117 2986 1221 3057 μέμνη·
1284 3038 1285 3043 ,

206 3080 256 3130 μαι
269 3059 302 3113 V.
318 3091 351 3099 -
373 3065 405 3113 13
419 3060 468 3113 καλ
482 3075 532 3114 om.
547 3059 627 3113 codd.
638 3067 749 3129 praeter
761 3058 839 3113 ALP.
855 3090 888 3098 —
903 3077 935 3127 με
949 3075 999 3113 om.
1015 3058 1097 3113 codd.
1110 3065 1222 3128 praeter

206 3130 260 3184 ΑΡ.
285 3162 318 3170 -
354 3135 387 3184 15
407 3129 602 3200 ἁρματηλάτην
625 3132 713 3185 αὐτοῦ
737 3130 817 3185 codd.
837 3136 947 3199 praeter
968 3129 1023 3183 ΑΡ.
1053 3162 1087 3170 -
1113 3135 1147 3184 16
1173 3131 1220 3186 έπ-

206 3200 563 3272 αισθόμενος-τιμαρίαν
583 3219 632 3257 om.
651 3202 677 3255 A
695 3210 720 3256 ει
738 3220 752 3256 ι
769 3220 821 3272 ηιμ.
842 3203 980 3256 intrusum
998 3202 1065 3256 im:
1088 3202 1159 3255 ούαῖ
1178 3217 1221 3254 σοι

207 3269 319 3344 ἀντίοχε
334 3270 422 3328 δποίω
439 3272 514 3342 μόρω
528 3273 675 3334 καταλύεις
688 3274 737 3327 τδν
770 3273 862 3327 ίον.-
878 3272 1123 3342 ἐπαισθανόμενος
1136 3273 1220 3329 codd.

202 3350 313 3465 μεαείχν
330 3343 385 3398 PR.
410 3376 443 3384 -
469 3349 501 3398 19
521 3341 677 3412 φερομένου
700 3344 721 3396 F
760 3360 817 3398 ωσι.
842 3375 875 3384 -
898 3349 933 3397 22
952 3343 1051 3416 αὐτοῦ]
1076 3343 1221 3398 τούτωνδ’

208 3429 257 3466 om.
300 3458 305 3468 .

280 3536 522 3606 θκατασκάμπτει
540 3535 569 3588 Ρ.
594 3567 627 3576 -
652 3542 667 3588 7
689 3537 803 3605 ἀναιρεῖ
822 3545 872 3592 τοῦ
896 3535 984 3607 νόμον
1001 3538 1031 3591 P.
1055 3569 1091 3578 -
1116 3545 1149 3592 10
1170 3536 1223 3605 τήν

208 3602 342 3674 τιμωρίαν
360 3623 410 3662 om.
425 3607 454 3659 P.
