2617 3909
540 245 742 297 PRAEFATIO
1061 246 1151 299 mx

130 392 259 471 Georgio
279 394 430 453 confectus
448 412 544 469 neque
563 397 665 454 tamen
684 394 821 453 omnibus
836 394 968 455 numeris
986 394 1152 471 absolutus,

130 482 182 543 sed
196 483 284 558 quasi
297 484 427 559 primam
442 483 593 559 quandam
608 486 638 543 et
651 483 757 543 rudem
770 484 910 560 chronici,
929 484 1010 560 quod
1023 484 1152 543 scriben-

130 572 200 633 dum
229 572 289 631 sibi
316 574 513 650 proposuerat
541 573 798 651 chronographus,
826 573 1055 650 descriptionem
1083 592 1152 632 con-

128 664 235 721 tinens.
282 660 320 719 In
350 662 486 739 margine
517 662 607 721 huius
644 663 775 739 exempli
807 660 953 741 Georgius
989 682 1025 721 ex
1056 661 1151 738 libris,

128 752 259 811 maxime
288 769 304 809 e
332 751 481 826 scriptura
513 768 598 810 seem
630 754 666 809 ut
692 750 868 825 monachus,
900 752 948 811 vel
979 754 1152 811 memoriter

128 840 226 898 multa
248 840 381 912 notavit,
406 857 482 914 quac
501 840 540 898 ad
557 843 657 899 textus
676 840 766 899 verba
789 841 968 899 illustranda
992 843 1064 916 apta
1086 859 1149 901 esse

128 929 311 989 viderentur.
356 927 423 987 Hoc
446 929 615 1006 exemplum
638 928 748 989 codicis
770 929 800 987 P
823 929 963 989 librarius
985 932 1032 989 ita
1054 932 1151 988 trans-

129 1019 260 1099 scripsit,
282 1020 318 1077 ut
339 1020 427 1076 notas
449 1018 632 1095 marginales
655 1018 718 1077 fere
748 1036 849 1077 omnes
872 1019 905 1076 in
927 1022 1044 1079 textum
1065 1020 1152 1078 iuxta

129 1127 217 1183 quem
243 1107 402 1165 exstabant
419 1108 571 1183 insereret,
596 1126 656 1183 quo
675 1107 790 1166 factum
808 1109 855 1167 est
871 1110 907 1165 ut
923 1107 983 1167 loci
1005 1127 1041 1166 ex
1059 1109 1151 1184 scrip·

127 1196 245 1256 toribus
274 1195 482 1255 ecclesiasticis
511 1198 642 1273 excerpti
670 1198 786 1255 exstent
815 1214 883 1255 cum
908 1197 997 1255 rebus
1024 1216 1060 1255 ex
1083 1197 1151 1256 aliis

127 1285 213 1344 libris
247 1284 412 1361 desumptis
446 1285 606 1345 commixti.
648 1284 685 1343 In
716 1284 956 1345 transscnbendo
988 1285 1151 1361 archetypo

127 1375 289 1434 librarium
320 1374 402 1433 haud
424 1392 493 1433 raro
522 1375 602 1433 male
629 1374 812 1434 intellexisse
840 1376 978 1451 excerpta
1010 1374 1153 1435 velociter

128 1465 268 1540 correpta
286 1464 333 1522 vel
353 1462 488 1523 socordia
506 1482 642 1540 peccasse
661 1466 772 1522 mirum
784 1482 845 1523 uon
859 1465 912 1522 est.
949 1462 1018 1541 Ipse
1030 1466 1152 1522 iuterim

128 1552 276 1630 Georgius
305 1552 410 1611 rudem
441 1554 646 1629 excerptorum
678 1552 788 1612 molem
819 1553 927 1611 melius
959 1553 1093 1630 digerere
1121 1556 1153 1612 et

129 1642 217 1718 quasi
250 1641 411 1701 secundam
443 1641 574 1701 chronici
607 1642 769 1701 editionem
799 1643 982 1718 perpolitam
1009 1641 1151 1701 conficere

128 1732 265 1790 animum
287 1730 414 1789 induxit.
455 1729 612 1807 inceptum
631 1749 706 1807 opus
729 1733 774 1789 ita
794 1731 932 1805 absolvit,
955 1734 991 1789 ut
1007 1750 1152 1809 maguum

129 1821 381 1880 collectaneorum
405 1822 436 1878 et
453 1822 594 1879 notarum
611 1819 826 1898 marginalium
843 1839 999 1879 numerum
1022 1821 1152 1894 tolleret,

128 1910 185 1969 hoc
207 1911 399 1983 retractaret,
426 1908 504 1967 illud
533 1908 664 1968 adderet.
710 1909 747 1967 ln
773 1926 832 1985 quo
862 1909 942 1984 quod
965 1913 1152 1986 excerpserat

127 2018 190 2058 non
213 1998 252 2057 ad
275 1998 400 2057 verbum
424 2000 672 2074 repraesentavit,
700 1998 751 2057 sed
778 1999 814 2056 ut
835 1998 926 2056 libuit
948 2001 1079 2057 mutavit
1102 1999 1151 2057 vel

128 2086 288 2162 contraxit,
305 2086 465 2147 nonnullos
485 2087 611 2164 denique
625 2087 724 2146 fontes
738 2087 833 2146 veluti
851 2086 999 2146 Theodori
1017 2085 1151 2146 Lectoris

127 2176 272 2236 historiae
291 2176 508 2235 ecclesiasticae
528 2178 690 2252 epitomem
709 2175 806 2235 denuo
824 2175 963 2251 inspexit,
986 2176 1061 2234 alios
1081 2179 1151 2233 ante

127 2266 281 2345 neglectos
305 2265 450 2324 adhibuit
486 2266 533 2323 Ex
551 2266 608 2324 hoc
626 2264 761 2341 exemplo
784 2266 948 2323 retractato
971 2266 1063 2324 ceteri
1081 2264 1152 2322 libri

127 2356 287 2414 fluxerunt.
333 2353 416 2423 Quae
448 2372 516 2413 cum
550 2354 594 2413 ita
625 2354 687 2413 sint
719 2355 819 2413 textus
851 2353 1027 2429 plerumque
1057 2354 1090 2411 in
1117 2353 1151 2429 P,

127 2443 283 2504 interdum
304 2445 406 2503 temen
428 2444 461 2501 in
485 2443 591 2502 ceteris
613 2442 699 2503 libris
721 2443 828 2503 melius
852 2442 1021 2505 laudantur.

196 2532 263 2592 Iam
300 2532 435 2592 omnibus
472 2532 557 2592 libris
593 2532 785 2607 perlustratis
822 2551 915 2608 quarn
951 2534 992 2591 sit
1027 2530 1152 2591 difficile

129 2622 289 2682 chronicon
305 2621 390 2681 edere
404 2624 539 2698 apparet.
579 2620 685 2697 Neque
704 2623 784 2680 enim
798 2622 895 2680 solum
908 2639 1035 2698 magnus
1054 2622 1153 2680 exstat

128 2711 277 2770 librorum
299 2728 454 2784 numerus,
484 2729 590 2769 verum
618 2712 711 2769 ctiam
739 2712 840 2769 textus
863 2713 895 2769 et
921 2712 1098 2788 argumento
1121 2713 1153 2768 et

130 2800 266 2860 oratione
293 2799 493 2859 multifariam
525 2799 704 2875 discrepant.
749 2800 785 2858 In
815 2819 874 2875 quo
903 2798 936 2857 id
962 2801 1152 2875 potissimum

129 2890 241 2968 agitur,
265 2888 397 2948 codicem
419 2888 449 2947 P
471 2890 503 2947 in
528 2888 658 2948 editione
680 2892 936 2965 repraesentemus
959 2907 998 2946 an
1020 2889 1150 2962 reliquo-

128 2998 198 3039 rum
229 2978 374 3037 librorum
408 2977 620 3061 archetypum
636 2997 672 3037 ex
708 2977 846 3038 omnihus
878 2976 1029 3037 codicibus
1060 2994 1152 3051 quam

129 3067 302 3127 fidelissime
325 3068 507 3127 restitutum.
553 3065 703 3126 Goustitui
725 3069 827 3126 autem
850 3066 975 3125 diversis
998 3064 1151 3124 decausis

130 3158 293 3217 chronicon
317 3156 403 3215 edere
424 3156 457 3215 id
480 3155 560 3231 quod
583 3153 729 3233 Georgius
753 3157 841 3232 quasi
862 3154 1023 3215 secundam
1045 3153 1151 3211 editio-

128 3266 200 3305 nem
227 3245 426 3304 multifariam
457 3247 557 3321 priore
588 3245 743 3304 meliorem
775 3248 806 3304 et
836 3244 1051 3303 absolutiorem
1082 3262 1150 3303 con-

130 3334 261 3411 scripsit.

197 3423 309 3500 Atque,
328 3425 363 3481 ut
380 3424 443 3482 iam
457 3441 547 3499 supra
566 3421 636 3497 dixi,
656 3442 691 3480 ex
709 3424 776 3498 ipso
790 3420 929 3480 chronico
942 3439 1003 3479 non
1020 3421 1151 3480 multum

130 3514 247 3573 fructus
269 3513 306 3587 ii,
336 3514 387 3587 qui
409 3513 552 3572 historiae
579 3510 806 3589 investigandae
829 3510 1056 3585 operam'dant,
1084 3528 1150 3584 per-

131 3602 229 3679 cipere
251 3604 387 3679 possunt.
425 3600 483 3661 Sed
502 3620 570 3661 cum
592 3602 703 3659 multos
726 3598 803 3657 illud
825 3596 964 3656 habuerit
985 3618 1040 3673 per
1062 3596 1151 3672 plura
