2617 3909
186 249 252 313 260
495 247 683 300 ΓΕΩΡΙἾΟΤ
700 247 882 301 ΜΟΝΑΧΟΤ

534 410 594 495 [θ’.
627 412 715 495 Περί
734 407 852 495 Ἰηοῦ]

253 539 341 602 Μετὰ
362 537 396 601 δέ
416 533 522 621 Ἰιορδιμ
549 536 735 620 ἐβασίλευσεν
755 532 836 618 Ἰηού
864 536 930 613 υίὸς
952 540 1124 619 Ναμεσίου,
1151 538 1201 601 καλ

184 637 383 720 εἰσερχόμενος
405 635 438 698 έν
460 646 495 722 τῇ
519 637 602 700 πόλει
624 637 794 717 Σαμαρείας
815 635 989 719 παρέκυψεν
1005 631 1130 717 Ἰεζάβελ
1151 636 1201 698 διὰ

184 747 237 816 τῆς
259 735 387 817 θυρίδος
409 733 742 817 περικεκαλλωπισμένη.
780 731 796 794 δ
820 733 852 796 δέ
875 735 1013 815 βασιλεὺς
1035 735 1202 818 προστάξας

159 857 171 897 ε
186 839 247 907 τοῖς
269 833 423 914 εὐνούχοις
445 831 538 913 αύτής
555 832 790 915 κατακρημνίσαι
807 831 913 912 αύτήν,
931 833 1124 913 κατεπατήθη
1144 833 1202 895 ύπό

186 941 245 992 τῶν
272 929 372 993 ἵππων
399 929 449 992 καί
476 930 651 1012 κατεβρώθη
679 928 738 991 ύπδ
770 937 830 991 τῶν
857 939 966 993 κυνῶν.
1011 933 1145 1007 πατάξας
1172 931 1202 994 δὲ

186 1027 236 1089 καὶ
263 1028 332 1102 τούς
360 1025 390 1091 ο’
416 1028 502 1102 υίούς
526 1023 636 1109 Ἀχαδιβ
662 1026 712 1088 καὶ
740 1027 810 1101 τούς
838 1028 1083 1110 περιλειφθέντας
1110 1031 1203 1093 αύτού

186 1128 298 1201 πάντας
317 1125 349 1188 έν
368 1128 522 1211 Σαμαρείᾳ
544 1124 618 1188 κατὰ
640 1124 673 1186 τὸ
696 1127 776 1207 ρήμα
794 1121 911 1207 Ἦλιοῦ,
933 1126 983 1188 καί
1000 1130 1204 1210 συναθροίσας

187 1227 268 1288 άπαυ
290 1224 322 1287 τὸ
346 1230 464 1305 πλῆθος
487 1234 539 1287 τοῦ
562 1229 635 1286 λαοῦ
660 1223 718 1302 ἔφη
742 1222 816 1306 πρὸς
844 1223 954 1298 αύτούς
977 1224 1048 1304 μετὰ
1070 1249 1204 1309 πανουρ-

148 1347 174 1388 ιο
188 1325 265 1406 γίας·
286 1317 396 1404 Ἀχαδιβ
419 1320 472 1403 μὲν
495 1321 649 1385 ἐδούλευσε
672 1327 712 1405 τῷ
730 1322 813 1383 Βάαλ
835 1320 933 1405 ὀλίγα,
953 1316 1033 1402 Ἰηού
1056 1321 1088 1385 δὲ
1110 1324 1205 1386 πολλὰ

88 1439 127 1478 188
142 1437 173 1476 M.
190 1421 342 1483 δουλεύσει
372 1419 456 1506 αύτῷ.
501 1419 551 1481 καί
578 1429 636 1481 νύν
663 1418 777 1493 πάντας
802 1419 939 1482 καλέσατε
970 1420 1044 1502 πρός
1071 1445 1106 1502 με
1136 1422 1204 1495 τούς

187 1519 343 1602 προφήτας
375 1516 425 1580 καί
448 1519 533 1599 ίερεῖς
556 1527 609 1579 τοῦ
636 1518 733 1599 Βάαλ,
762 1518 806 1580 ότι
834 1520 945 1601 μεγάλη
969 1543 1019 1599 μοι
1046 1521 1142 1581 θυσία
1169 1524 1207 1605 τῷ

188 1617 277 1678 Βάαλ.
323 1625 382 1690 πᾶς
410 1615 466 1698 γάρ
494 1609 528 1689 ὃς
556 1611 594 1676 διν
626 1613 776 1700 άπολείψη
804 1616 841 1678 ού
871 1617 995 1697 ζήσεται.
1040 1625 1205 1702 συναθροι-

189 1712 310 1787 σθέντες
333 1705 389 1775 οὖν
412 1699 553 1793 άπαντες,
581 1711 708 1776 καὶτοῦ
730 1715 882 1776 είδωλείου
905 1714 1090 1795 πλησθέντος
1113 1716 1207 1797 στόμα

150 1836 176 1877 15
189 1811 264 1891 πρὸς
287 1810 389 1891 στόμα,
412 1809 506 1889 φησὶν
525 1809 541 1872 δ
564 1811 702 1891 βασιλεὺς
719 1818 781 1887 τοῖς
799 1813 919 1887 δούλοις
936 1822 989 1875 τοῦ
1007 1813 1101 1874 Βάαλ·
1125 1814 1206 1897 ἐρευ-

190 1910 297 1989 νήσαιε
320 1907 459 1990 ἀκριβῶς,
481 1909 510 1970 εί
531 1907 591 1970 ἔστι
614 1904 684 1988 μεθ’
709 1907 794 1989 ὑμῶν
816 1920 876 1971 τῶν
894 1911 1010 1973 δούλοιν
1028 1913 1136 1993 κυρίου
1155 1937 1206 1986 τις,

191 2005 240 2069 καί
264 2007 390 2088 μηδενός
413 2006 596 2089 εὑρεθέντος,
619 2006 750 2070 ἐκέλευσε
772 2013 835 2082 τοῖς
852 2006 1015 2091 ύπουργοῖς
1033 2008 1138 2090 αύτοῦ,
1157 2010 1207 2071 καὶ

191 2103 337 2180 ἐπάταξαν
364 2107 476 2181 πάντας
502 2106 535 2169 έν
563 2106 683 2184 στόματι
709 2105 873 2188 ῥομφαίας,
901 2104 952 2168 καί
978 2106 1029 2169 τόν
1051 2107 1135 2168 Βάαλ
1157 2106 1207 2169 καὶ

192 2203 227 2265 τὰ
254 2203 346 2266 αύτού
374 2204 470 2266 πάντα
498 2202 664 2286 ἐνέπρησεν.
709 2203 789 2282 πλὴν
816 2204 871 2266 ούκ
893 2203 1039 2282 έφύλαξεν
1061 2205 1105 2278 είς
1126 2204 1208 2278 τέλος
1288 2216 1289 2275 λ

153 2327 179 2367 ιο
193 2303 373 2385 πορεύεσθαι
395 2302 428 2364 έν
449 2303 532 2389 νόμῳ
555 2301 662 2384 κυρίου
683 2300 734 2362 καί
756 2301 870 2384 ἐσφάγη
894 2301 927 2364 έν
948 2308 989 2388 τῷ
1011 2301 1130 2389 πολέμῳ
1151 2305 1207 2384 βα-

194 2402 328 2475 σιλεύσας
351 2399 400 2480 έτη
423 2397 484 2480 κη’.

266 2587 282 2634 6
300 2580 346 2634 IV.
361 2580 450 2649 δοες.
467 2585 509 2649 10,
525 2585 622 2650 Πεηη.

267 2748 365 2802 λίνοῦ
383 2747 444 2802 ΗΜ
465 2747 520 2816 ήου
541 2765 562 2804 ε.
581 2749 636 2819 ήού
654 2749 686 2802 R.
712 2781 745 2790 -
769 2746 885 2819 άμεσίου
903 2745 970 2802 MR.
995 2779 1028 2788 —
1052 2753 1068 2802 8
1088 2749 1208 2820 είσερχσ·

197 2819 282 2889 μένου
297 2819 404 2874 0le
423 2818 615 2891 εἰσερχομένου
634 2819 758 2875 αύτοθῈ
776 2821 921 2891 είσερχομν
939 2820 1099 2890 compendio
1111 2837 1163 2876 εστ.
1176 2819 1207 2873 Β.
1286 2822 1287 2879 λ

197 2923 230 2932 -
254 2892 354 2954 θεούς
381 2891 532 2961 εὐνούχους
555 2891 610 2946 OF.
634 2923 670 2932 -
692 2893 741 2946 καλ
763 2893 816 2962 (δύο
837 2908 887 2946 ουν.
910 2892 942 2946 νἰι
964 2890 995 2961 0)
1018 2891 1209 2960 καταπατήθη
1286 2884 1287 2975 ή

197 2964 246 3032 (sic
274 2961 331 3016 GR.
355 2992 391 3001 -
415 2962 497 3015 ικαὶ
515 2969 578 3017 ante
595 2965 662 3026 τούς
679 2980 729 3019 ουτ,
747 2963 827 3017 codd.
842 2969 954 3053 ρταιίευ
971 2962 1026 3016 ΑΡ.
1043 2989 1086 3004 ··—-
1108 2962 1137 3018 0'
1157 2979 1208 3018 οιιι.

254 3033 290 3086 M.
315 3065 349 3072 -
372 3033 488 3103 8ήλιού
502 3031 633 3090 BOPRV.
658 3066 691 3076 -
714 3038 906 3102 σιεναθροισας
928 3033 960 3089 δέ
980 3033 1058 3088 άπαν
1076 3032 1210 3088 ABONV

198 3108 316 3171 συναθρ.
337 3103 414 3159 άπαυ
431 3104 464 3158 R.
484 3137 518 3145 —
543 3111 576 3159 10
595 3105 645 3175 μέν
668 3123 719 3161 om.
737 3105 772 3160 N.
796 3138 830 3146 —
854 3104 917 3160 ίνοῦ
935 3105 1003 3159 ΗΜ.
1028 3138 1062 3146 -
1088 3111 1121 3160 13
1139 3107 1210 3160 άπο-

198 3174 323 3245 λείψεται
337 3177 450 3247 (υψηται
459 3176 498 3246 M)
508 3175 567 3231 AN.
583 3209 616 3217 —
633 3183 666 3230 14
681 3173 809 3232 είδιολίου
820 3175 1004 3232 AGDFHLV
1013 3177 1094 3232 codd.
1106 3177 1210 3231 Suidae

198 3265 220 3302 v.
233 3243 317 3317 Ἰηοῦ.
336 3265 370 3303 m.
385 3252 405 3302 2
423 3265 491 3304 corr.
506 3250 538 3302 ιἰι
556 3248 585 3301 L.
1285 3276 1286 3285 ι

269 3422 286 3469 4
305 3417 433 3488 βασιλεύς
450 3433 501 3470 om.
517 3415 547 3468 P.
564 3445 598 3454 —
618 3421 634 3469 ὅ
653 3417 740 3483 αὐτῆς
757 3417 806 3470 καί
823 3416 1104 3486 κατακρημνήσαντες
1122 3416 1211 3485 αὐτὴν

199 3505 293 3540 κατεπ,
307 3488 337 3541 Ρ.
353 3519 387 3528 -
407 3493 422 3540 9
441 3495 491 3540 τού
506 3487 575 3539 λαοῦ
589 3501 639 3540 om.
653 3486 685 3538 P.
700 3517 734 3526 —
754 3493 787 3540 12
805 3485 895 3540 θυσία
909 3507 958 3555 μοι
970 3488 1000 3542 Ρ.
1018 3519 1051 3528 -—
1072 3494 1106 3542 16
1124 3488 1140 3542 δ
1159 3491 1212 3560 βα-

200 3557 301 3627 σιλεὺς]
316 3558 379 3626 ίηού
394 3558 423 3610 P.
439 3587 474 3596 -
489 3561 521 3608 16
540 3574 582 3616 τις
595 3572 645 3610 om.
660 3556 691 3609 P.
712 3587 743 3597 -
765 3562 852 3612 1118
871 3559 1001 3622 κελεύσας
1015 3558 1134 3625 ἐπάταξε
1148 3561 1160 3628 (
1206 3601 1211 3611 ,

200 3635 258 3688 τοῖς
275 3629 321 3680 ύπ.
335 3629 424 3681 αύτοῦ
443 3627 501 3694 καὶ)
520 3624 550 3678 P.
