2617 3909
548 204 737 256 xpomon
1083 203 1148 268 119
1183 194 1185 198 ’

130 349 198 432 ήχει
221 349 304 433 μέγα,
327 349 378 412 καί
400 349 534 431 ἐπτοήθη
556 347 675 431 ὅλαός,
697 350 730 413 τὸ
753 348 786 414 δὲ
803 349 872 434 όρος
891 350 961 414 όλον
978 350 1146 427 έκαπυίζετο

134 447 241 511 διὰτὸ
263 448 496 530 καταβεβηκέναι
517 450 569 512 τὸν
591 449 667 511 θεὸν
689 444 735 510 ἐπ’
761 448 833 512 αότὸ
856 447 888 511 έν
906 450 989 532 πυρί,
1011 449 1061 512 καί
1079 448 1147 512 άνέ-

130 549 238 627 βαινεν
264 544 281 609 ὁ
309 545 422 620 καπνὸς
453 544 522 608 ὡσεὶ
550 546 665 620 καπνὸς
695 548 839 627 καμίνου,
870 546 921 610 καί
947 558 1006 622 πᾶς
1033 544 1050 609 ό
1076 547 1147 621 λαὸς

130 643 234 723 ἐξέστη
256 644 382 727 σφόδρα.
427 643 558 727 ἐγίνοντο
584 643 617 706 δέ
640 646 675 706 αί
693 643 794 723 φωναί
817 654 870 726 τῆς
891 646 1050 728 σάλπιγγος
1071 667 1146 728 προ-

131 743 293 822 βαίνουσαι
316 741 433 825 ἰσχυραί
455 741 583 824 σφόδρα,
605 740 656 804 καί
677 752 736 817 πᾶς
759 739 776 804 ό
798 742 868 816 λαὸς
888 743 1013 822 εἱστήκει
1036 742 1145 825 μοικρό-
1172 763 1186 804 ε

129 846 191 902 θεν
222 837 342 901 άκοόων
372 839 424 914 τάς
456 839 560 918 φωνάς
590 838 641 901 καί
672 839 705 902 τὸ
738 838 807 923 όρος
834 840 904 902 ὅλον
930 841 1145 921 καπνιζόμενον

130 935 259 1019 ὁρῶντες
290 936 340 998 καί
371 938 530 1017 πλησιάσαι
561 936 602 1018 μή
634 943 810 1018 τολμῶντες,
842 936 914 999 ἀλλὰ
940 947 1147 1020 προσκυνῆσαι

130 1034 227 1114 μόνον
254 1033 412 1116 πόρρωθεν
439 1034 652 1108 κελευσθέντες.
698 1033 756 1097 κάν
778 1036 903 1118 θηρίον,
932 1037 1037 1116 φησίν,
1059 1038 1145 1121 θίγη,

129 1131 411 1212 λιθοβοληθήσεται.
443 1131 493 1194 καὶ
516 1132 647 1216 φοβερὸν
670 1125 710 1213 ήν
732 1132 764 1194 τὸ
784 1132 1013 1213 φανταζόμενον.
1047 1135 1145 1214 φοβη-

16 1228 19 1232 ’
127 1229 199 1304 ,θείς
221 1227 254 1292 δέ
275 1239 334 1303 πᾶς
356 1230 373 1293 ό
396 1229 466 1303 λαὸς
488 1225 573 1293 εἶπον
593 1230 668 1312 πρὸς
686 1234 839 1310 Μυάσήν·
859 1231 987 1309 λάλησον
1005 1227 1078 1321 ήμηγ
1097 1231 1144 1312 σύ,
1158 1253 1186 1293 ιο

129 1327 183 1389 καί
209 1327 250 1407 μή
277 1328 398 1390 λαλείτω
427 1327 502 1410 πρὸς
528 1324 607 1408 ήμάς
633 1326 650 1389 ό
677 1328 763 1409 θεός,
792 1328 903 1408 μήποτε
934 1326 1144 1408 ἀποθάνωμεν.

131 1424 183 1488 καί
218 1424 333 1488 ἐκάλεσε
364 1425 467 1506 κάρτος
498 1424 550 1487 τὸν
581 1429 723 1506 Μοιῦσῆν
753 1424 802 1488 έπί
833 1425 889 1505 τήν
920 1426 1060 1508 κορυφήν
1091 1435 1143 1488 τοῦ

130 1523 233 1606 όρους,
256 1521 307 1584 καί
329 1521 443 1603 ἀναβάς
465 1522 617 1602 ἐκάλυψεν
635 1521 655 1603 ή
679 1522 787 1604 νεφέλη
810 1523 842 1585 τὸ
867 1521 944 1605 όρος,
967 1522 1017 1586 καί
1034 1521 1142 1604 κατέβη
1156 1537 1230 1578 Μ

129 1619 244 1700 ήόόξα
265 1630 318 1682 τοῦ
336 1626 412 1682 θεοῦ
434 1619 483 1682 έπί
504 1622 537 1684 τὸ
557 1619 639 1702 όρος,
662 1619 713 1682 καί
732 1620 880 1700 ἐκάλυψεν
903 1621 976 1684 αὐτὸ
995 1618 1014 1701 ή
1033 1620 1143 1701 νεφέλη

127 1717 243 1801 ἡμέρας
265 1716 307 1798 ς’,
330 1717 363 1780 τὸ
386 1715 418 1780 δὲ
440 1713 521 1792 είόος
542 1729 595 1800 τῆς
617 1718 707 1798 δόξης
729 1721 835 1800 κυρίου
859 1718 928 1782 ὡσεί
950 1729 1010 1802 πῦρ
1034 1718 1143 1801 φλέγον
1157 1741 1185 1783 15

127 1816 179 1879 ἐπὶ
212 1825 265 1896 τῆς
291 1825 429 1897 κορυφῆς
464 1826 518 1878 τοῦ
546 1815 634 1899 όρους
666 1815 801 1879 ἐναντίον
832 1827 891 1880 τῶν
919 1819 994 1879 υἱῶν
1019 1813 1142 1900 Ἰσραήλ.

126 1913 181 1976 καί
206 1912 348 1976 εἰσελθὼν
371 1917 510 1994 Μοιῦσῆς
535 1915 579 1988 είς
605 1913 638 1976 τὸ
666 1914 756 1994 μέσον
783 1925 835 1995 τῆς
862 1913 988 1994 νεφέλης
1015 1913 1063 1976 ἐπὶ
1090 1923 1143 1977 τοῦ

127 2011 221 2094 όρους
243 2002 283 2090 ἦν
305 2011 370 2072 ἐκεῖ
386 2008 499 2094 ήμέρας
520 2008 556 2092 μ’
578 2011 629 2074 καί
649 2012 759 2086 νύκτας
782 2009 816 2092 μ’
839 2011 967 2074 ένάτιιον
991 2021 1044 2073 τοῦ
1067 2017 1143 2074 θεοῦ

127 2109 268 2189 ἑστηκώς.
313 2106 403 2189 άρτον
430 2108 487 2172 οὐκ
513 2109 604 2192 ἔφαγε
630 2108 681 2170 καὶ
703 2109 785 2191 ὕδωρ
808 2107 865 2171 οόκ
886 2109 975 2171 ἔπιεν.
1020 2107 1070 2170 καί
1092 2106 1144 2169 άλ-

129 2213 195 2270 λοτε
218 2209 319 2268 πάλιν·
343 2205 435 2287 ἀνέβη
458 2211 598 2288 Μοιῢσής
620 2206 671 2268 καί
690 2202 805 2289 Ἀαρόιν
827 2205 877 2268 καί
899 2206 1089 2289 πρεσβύτεροι
1112 2203 1143 2267 o'
1156 2229 1184 2269 ευ

126 2304 181 2367 καί
202 2299 335 2368 είὸυν
308 2328 360 2368 ιον
382 2304 484 2386 τόπον,
507 2297 596 2367 οόί
566 2303 731 2385 είστήκειό
755 2302 837 2384 θεός,
860 2303 961 2365 καί
932 2327 967 2364 τα
989 2302 1049 2364 ὑπὸ
1072 2302 1143 2377 τοὺς

127 2501 328 2582 στερεάματος
349 2509 402 2562 τοῦ
425 2499 557 2583 οὐρανοῦ
575 2509 611 2585 τη
629 2498 819 2581 καθαρότητι.
855 2523 906 2560 και
896 2491 1017 2572 αυθίς
1035 2515 1141 2621 φησιν·

71 2688 74 2695 Δ
129 2597 182 2660 καί
199 2598 319 2677 έλάλησε
339 2598 442 2680 κύριος
459 2598 534 2681 πρὸς
552 2602 693 2677 Μινϋσῆν
714 2597 839 2670 έυάπιος
857 2595 1013 2681 ένωπίφ
996 2620 1037 2670 ως
1054 2597 1086 2658 εἴ
1098 2620 1142 2670 τις

130 2696 257 2775 λαλήσαι
278 2694 353 2778 πρὸς
370 2695 423 2758 τὸν
440 2695 548 2758 έοιυτοό
567 2697 667 2776 φίλον,
688 2695 739 2757 καί
757 2695 851 2768 νότιος
869 2693 1008 2758 άπελόετο
1026 2695 1070 2770 είς
1087 2695 1142 2775 τήν
1155 2716 1182 2757 ει

133 2832 136 2838 ’
201 2873 217 2922 ε
236 2867 285 2921 Ex.
301 2872 344 2935 ιο,
359 2873 401 2921 18.
420 2898 455 2907 -
473 2873 490 2921 8
509 2866 615 2934 Em,
632 2872 674 2921 13.
694 2899 728 2908 -
748 2871 782 2920 ιο
800 2865 848 2920 Ex.
865 2871 907 2934 ου,
924 2872 964 2920 19.
984 2897 1018 2906 -
1038 2872 1072 2920 13
1090 2865 1140 2919 Ex.

127 2944 172 3007 λλ,
188 2944 221 2992 15
231 2956 284 3008 εφη.
301 2971 334 2978 -
355 2943 388 2992 19
406 2938 455 2992 Ex.
472 2943 620 3006 31111-
637 2944 672 2993 20
686 2938 735 2994 Ex.
752 2942 891 3006 24,9;10.
909 2941 1063 3007 -24—11.
1080 2941 1140 3002 120,

128 3016 162 3064 11
182 3009 231 3064 Ex.
247 3016 404 3080 33‚118qq

200 3157 216 3206 2
236 3149 282 3208 ἐπ’
298 3133 375 3206 αότά
388 3150 467 3206 GNV
486 3151 515 3206 έν
529 3151 650 3225 αὐτῷῙλ.
666 3157 736 3205 -3
755 3150 771 3206 ό
790 3150 909 3221 καπνὸς]
927 3148 945 3218 ή
964 3148 1090 3217 άτμλςΒ
1105 3180 1140 3189 -

126 3224 194 3278 ὡσεί
215 3224 250 3278 άτ
251 3224 297 3294 μὶς
322 3244 359 3277 κα
358 3207 444 3277 ίνυυ
467 3222 608 3312 BFG.—
631 3229 648 3276 4
672 3221 800 3294 ἐγένοντο
822 3221 849 3274 N
872 3227 898 3276 ιλ
919 3227 951 3274 ut
972 3220 1027 3275 υίά.
1050 3218 1081 3274 G
1106 3250 1141 3259 -

126 3299 144 3348 ὁ
164 3245 283 3366 ἰσχυρῶς
300 3294 386 3348 BR.
406 3299 475 3347 -7
515 3293 532 3363 ἡ
555 3296 707 3364 τολμῶντες
727 3291 878 3361 πλησιάσαι
897 3289 1013 3345 LR-
1036 3287 1140 3358 8πόρ-

126 3369 223 3433 ρωθεν
246 3383 297 3421 om
316 3365 409 3419 N.-
429 3370 462 3419 10
481 3314 565 3420 είπαν
583 3363 629 3418 LP
651 3361 729 3420 εἶπεν
753 3361 943 3418 OFGRR-
968 3367 1002 3415 14
1020 3369 1069 3416 τοῦ
1088 3377 1139 3416 om.

126 3436 265 3491 ΟΠ.-
283 3437 358 3491 alma
381 3435 460 3490 AOH
478 3436 565 3490 αὐτόν
583 3434 671 3489 R.-
690 3439 723 3490 15
742 3433 851 3504 φλέγων
870 3431 1032 3488 AFHP.-
1052 3438 1085 3486 21
1105 3431 1141 3486 τά

124 3526 178 3564 om.
194 3507 306 3563 GN.-
326 3513 361 3562 24
379 3507 576 3633 ένάπιυςᾶ
528 3455 805 3569 ένιοιιτίιοςΑΙ)ἙΊ
824 3510 858 3559 25
877 3506 992 3572 λαλῆσαι
1006 3501 1141 3558 CDFGH

125 3579 284 3650 λάλησαιΡ
307 3577 417 3647 λαλήσει
435 3579 489 3632 BR
594 3577 732 3632 άπολόετυ
750 3577 781 3630 Μ
802 3573 945 3631 ἀπολυέτω
964 3575 994 3628 Β
