2617 3909
523 217 712 268 XPONIKON
1059 213 1123 278 281

112 370 193 447 ρεὶος
215 363 440 446 ἐπιστρατεύσας
463 362 533 444 μετὰ
560 362 714 445 διαφόρων
737 362 837 425 ἐθνῶν
860 365 978 445 Συρίαν
1000 360 1054 443 μέν
1076 362 1126 426 καί

116 463 265 542 Φοινίκην
283 461 333 524 καὶ
353 461 408 540 τὴν
429 463 576 544 παραλίαν
594 471 693 522 πᾶσαν
711 460 894 541 ἐσκύλευσεν,
916 470 952 547 τῇ
972 458 1004 522 δέ
1019 455 1126 543 Ἱερου-

112 558 210 639 σαλὴμ
228 559 363 622 ἐπελθὼν
381 559 552 640 κατεβλήθη
570 557 620 620 καί
639 559 759 622 διόλωλε
777 561 961 640 παμπληθεί,
978 567 1032 620 τοῦ
1049 564 1126 620 θεοῦ

111 658 270 737 θεηλότοις
293 657 385 720 αὐτὸν
407 663 533 739 πληγαῖς
557 655 608 719 καί
632 662 775 737 στηπτοὶς
797 656 980 730 πατάξαντος
1002 655 1052 718 καί
1074 655 1126 731 τὰς

111 755 170 818 σύν
188 756 266 840 αὐτῷ
282 756 434 837 μυριάδας.
467 754 632 816 κάντεῦθεν
649 754 739 834 νίκην
758 751 812 834 μέν
829 755 999 837 παράδοξον
1016 754 1126 816 ἔδωκεν
1153 775 1165 815 ι

109 851 125 916 ό
150 853 222 927 θεὸς
253 855 316 917 τότε
343 859 404 927 τοῖς
432 853 464 915 ἐν
489 848 681 934 Ἰερουσαλὴμ
707 853 807 914 ὅπλων
832 852 884 913 καλ
911 853 1006 934 μάχης
1033 851 1125 933 ἐκτός,

110 953 240 1014 πλούτου
264 949 297 1014 δέ
319 950 369 1013 καί
392 952 536 1032 λαφύρων
558 949 688 1032 ἀπείρων
715 948 887 1032 ἐνέπλησεν,
906 949 1050 1033 ,ἀρχοντος
1072 960 1125 1012 τοῦ

108 1050 289 1133 Ζοροβάβελ,
313 1044 382 1130 μεθ’
408 1046 444 1111 ὃν
468 1047 565 1111 ούκέτι
588 1047 685 1129 ἕτερος
703 1048 736 1110 ἐκ
753 1058 806 1110 τοῦ
827 1045 926 1111 Ἰούδα
942 1041 1041 1131 ἧρξεν,
1059 1044 1122 1111 ἀλλ’

110 1148 143 1210 οί
158 1146 299 1231 ἀρχιερεῖς
317 1145 508 1230 ἡγεμόνευον.
550 1145 620 1226 μετὰ
643 1145 699 1228 γὰρ
718 1145 774 1225 τὴν
796 1144 855 1210 ἀπὸ
873 1148 1054 1227 Βαβυλῶνος
1074 1145 1124 1208 ἐπ

108 1245 221 1308 ύνοδον
244 1243 341 1308 ούκέτι
364 1247 494 1326 βασιλεῖς
516 1240 578 1307 ἀλλ’
604 1241 746 1326 ἀρχιερεῖς
768 1243 868 1306 αὐτῶν
890 1237 991 1326 ἦρχον.
1140 1264 1165 1304 ιο

174 1341 230 1403 Διό
260 1360 355 1421 φησιν
383 1340 399 1403 δ
424 1340 513 1422 μέγας
539 1343 704 1416 Βασίλειος*
728 1344 963 1424 καθαιρεθείσης
989 1340 1045 1423 γὰρ
1072 1351 1125 1422 τῆς

106 1434 298 1521 Ἰερουσαλὴμ
320 1438 379 1500 ὑπὸ
403 1448 456 1501 τοῦ
475 1439 754 1522 Ναβουχοδονόσωρ
776 1439 895 1502 λέλυντο
915 1438 969 1520 μὲν
986 1438 1022 1500 τά
1040 1441 1124 1520 βασί-

107 1545 185 1620 λεια,
216 1536 314 1600 ούκέτι
346 1535 378 1599 δέ
415 1536 553 1619 πατρικαὶ
589 1536 725 1618 διαδοχαὶ
755 1547 815 1608 τῶν
846 1536 1016 1620 ἡγεμονιῶν
1047 1528 1124 1618 ἦσαν

109 1636 206 1718 ὥσπερ
229 1635 279 1697 καί
302 1634 454 1718 πρότερον,
477 1634 551 1696 ἀλλά
573 1635 605 1702 τὸ
629 1634 685 1715 μὲν
708 1635 737 1710 ἐξ
760 1634 852 1717 ἀρχῆς
874 1634 922 1698 έπὶ
944 1645 998 1715 τῆς
1020 1636 1123 1717 αἰχμα-

106 1735 216 1807 λωσίας
239 1734 345 1814 διηγον
368 1733 400 1794 οἱ
419 1731 563 1814 ἀπόγονοι
585 1742 639 1795 τοῦ
662 1733 776 1815 Δαυίδ,
803 1733 1016 1808 ἐπανελθόντες
1039 1731 1072 1795 δέ
1094 1735 1126 1796 οἱ
1138 1755 1163 1796 ιε

107 1827 186 1913 περὶ
206 1830 259 1893 τὸν
290 1831 460 1913 Ζοροβάβελ
492 1830 542 1892 καί
569 1830 728 1911 Σαλαθιὴλ
760 1831 995 1913 δημοτικώτερον
1026 1837 1123 1911 καθη-

107 1938 215 2012 γοῦντο
246 1938 300 1991 τοῦ
332 1933 421 2008 λαοῦ,
453 1938 505 2008 τῆς
537 1927 628 2010 ἀρχῆς
660 1928 764 1991 λοιπὸν
795 1928 843 1990 ἐπὶ
876 1939 930 2009 τῆς
961 1930 1124 2011 ἱερωσύνης

107 2027 327 2107 μεταπεσούσης
347 2025 442 2089 διὰτὸ
461 2025 643 2108 ἀναμιγῆναι
661 2027 717 2106 τὴν
735 2027 884 2108 ἱερατικὴν
898 2025 949 2088 καλ
967 2026 1124 2108 βασιλικὴν

107 2125 221 2204 φυλήν·
246 2124 320 2186 ὅθεν
344 2122 359 2185 ὁ
382 2124 485 2205 κύριος
512 2123 562 2185 καί
589 2123 727 2204 βασιλεύς
749 2123 808 2186 ἐστι
831 2123 882 2185 καί
909 2122 1059 2206 ἀρχιερεύς
1082 2124 1124 2197 είς

107 2222 144 2284 τὰ
166 2221 240 2304 πρὸς
267 2221 319 2283 τὸν
346 2221 428 2284 θεόν.
474 2220 524 2283 καί
547 2222 603 2284 οὐκ
626 2220 736 2296 ἐξέλιπε
759 2219 813 2300 μέν
836 2219 856 2301 ἡ
880 2221 1016 2303 βασιλικὴ
1041 2221 1122 2300 φυλὴ
1137 2245 1163 2284 ιο

108 2318 191 2402 μέχρι
213 2329 266 2400 τῆς
288 2324 419 2402 Χριστοῦ
442 2320 616 2402 παρουσίας,
639 2318 676 2381 ού
700 2319 761 2398 μὴν
784 2317 816 2381 δέ
834 2320 993 2381 κεκάθικεν
1015 2318 1058 2380 ἐτι
1075 2319 1123 2380 ἐπὶ

107 2426 162 2479 τοῦ
184 2417 300 2500 θρόνου
318 2416 417 2479 Δαυὶδ
439 2417 472 2479 τδ
495 2415 609 2499 σπέρμα
628 2411 776 2498 Ἰεχονίου.
810 2417 924 2499 θρόνος
941 2416 996 2499 γὰρ
1016 2418 1123 2496 δηλον-

109 2515 153 2577 ότι
176 2514 209 2576 τδ
232 2515 385 2596 βασιλικὸν
412 2514 527 2595 ἀξίωμα
553 2513 672 2597 λέγεται.
718 2515 837 2590 πάντως
861 2513 892 2577 δέ
915 2524 968 2595 τῆς
995 2516 1124 2598 ἱστορίας
1248 2554 1250 2558 ,

108 2611 270 2694 μέμνησαι,
298 2613 342 2675 ότι
369 2612 524 2694 ύπόφορος
551 2610 605 2693 μέν
632 2603 672 2694 ἧν
698 2619 738 2698 τῷ
763 2613 862 2675 Δαυὶδ
888 2624 969 2675 πᾶσα
992 2607 1124 2675 Ἰουδαία

182 2816 286 2884 11-p.
303 2816 363 2879 283,
379 2810 500 2866 6Basil
515 2809 566 2880 Ep.
583 2815 634 2865 236
653 2810 751 2882 Migne
769 2810 848 2867 Tom.
863 2816 906 2880 32,
921 2811 1015 2866 8801).

182 2987 300 3059 ’λάπείρ
302 3009 342 3044 ων
360 3005 410 3044 σοι.
425 2987 526 3042 ABLR
540 2987 767 3059 μοεὶένέπλησεν
783 2989 988 3044 οολὶοουλΡμ
1008 2989 1124 3058 ἔπλησεν

107 3059 265 3115 BCDVLR
285 3010 373 3129 έρπλή
375 3077 445 3115 ωσεν
462 3059 591 3114 HM.-
614 3066 647 3114 1⁷
668 3061 714 3116 ἐπλ
731 3059 811 3130 τὴν
802 3060 955 3128 ιερωσύνην
973 3009 1074 3113 ΒΒκεη
1088 3092 1124 3100 -

108 3137 143 3185 20
163 3130 281 3197 ἐξέλειπε
299 3130 388 3186 Ν.-
406 3131 457 3200 μὲν
475 3148 526 3186 om.
545 3132 752 3202 πελάγεσσιν
769 3131 845 3185 ABP
855 3131 1003 3255 (Βυεχ-
1026 3136 1059 3185 21
1078 3150 1124 3187 κε-

107 3201 236 3272 κάθηκεν
260 3203 340 3258 oodd.
355 3209 466 3272 μεσεύει·
483 3203 595 3256 AF-
620 3203 667 3258 έπλ
689 3211 739 3258 τοῦ
756 3205 797 3270 θρ
799 3199 907 3256 όνουΡ
942 3218 980 3256 κε.
1005 3200 1052 3255 έπὶ
1073 3201 1123 3256 τὸν

106 3272 218 3341 θρόνον
236 3273 331 3328 λέπι
348 3271 458 3343 θρόνου
477 3273 536 3328 rell.
552 3274 628 3328 Suid
643 3293 667 3330 υ.
682 3272 847 3343 θρόνος-
867 3279 900 3328 22
920 3269 1044 3345 ἱεχουίου
1062 3273 1124 3326 ΗΜ

107 3343 239 3434 ίεχωνίου
257 3345 370 3400 AV.—
372 3295 428 3398 ⁰24
446 3344 582 3415 μέμνηται
599 3344 710 3401 BR&
676 3294 903 3415 μέμυησολί-
926 3353 1004 3398 πᾶσα
1026 3343 1044 3413 ἡ
1064 3344 1123 3399 ίου-

107 3413 179 3470 δαὶα
197 3415 307 3469 AHLM
324 3423 350 3471 et
367 3432 438 3470 rece.
453 3416 569 3483 quidam
584 3366 694 3485 (Rama

182 3599 215 3647 16
234 3595 282 3648 καλ
301 3594 522 3664 δημοτικωτεοον
540 3593 562 3647 Ρ
