2617 3909
531 221 733 272 PRAEFATIO
1062 223 1138 272 LVII

118 390 237 447 quoque
268 370 407 429 adhibuit
434 372 526 445 atque
554 390 588 429 ex
620 371 658 429 iis
685 371 802 429 textum
830 371 988 429 recensuit.
1034 370 1139 430 Veluti

120 480 198 537 quae
214 458 362 537 Georgius
377 479 392 518 e
405 459 590 519 Theodoreto
605 462 635 518 et
645 457 759 535 Gyrillo
773 462 959 535 excerpserat
972 480 1000 536 p.
1012 460 1136 535 302,13

119 568 213 625 usque
229 549 269 607 ad
287 569 317 625 p.
333 549 406 623 308,
422 549 440 607 8
456 549 552 607 multo
562 549 613 607 ille
622 550 861 624 repraesentavit
868 549 1034 626 integriora
1048 569 1139 626 quam

119 640 281 698 chronicon
304 639 474 716 genuinum.
516 638 630 697 Multae
653 639 753 697 textus
781 638 922 697 lectiones
944 638 1139 698 inveniuntur

118 730 193 787 mire
221 746 292 785 cum
319 726 381 787 solo
405 728 449 800 B,
475 726 643 803 permultae
673 745 740 785 cum
767 728 830 787 eolo
860 728 888 786 V
912 730 1137 788 consentientes.

118 817 249 875 Videtur
266 816 362 894 igitur
375 817 448 874 olim
461 818 508 874 vir
527 816 650 891 quidam
669 815 773 875 doctus
792 816 924 875 codicem
943 818 1139 894 archetypum

118 908 328 983 recognovisse
355 905 499 964 adhibitis
527 906 636 964 harum
658 906 843 963 familiarum
869 906 969 980 libris,
997 906 1139 983 quitum

118 996 253 1053 nondum
282 997 368 1053 erant
394 994 577 1071 interpolati.
602 995 708 1073 ⁸Quae
736 997 816 1053 enim
843 997 913 1054 sunt
941 996 974 1053 in
996 996 1027 1053 B
1055 999 1086 1055 et
1114 996 1143 1055 V

117 1084 305 1161 interpolata
323 1084 356 1141 in
369 1083 462 1143 libros
475 1084 506 1142 R
518 1104 579 1144 non
596 1086 803 1159 pervenerunt.
840 1084 1019 1143 Innumerae
1038 1088 1139 1145 autem

118 1174 273 1247 lectiones,
296 1192 372 1248 quae
395 1172 521 1233 ineolis
544 1173 632 1231 huius
656 1172 790 1233 familiae
813 1172 897 1231 libris
920 1176 1012 1248 atque
1030 1173 1068 1232 iis
1086 1177 1139 1249 qui

118 1263 188 1321 inde
206 1262 347 1339 pendent,
366 1263 462 1321 veluti
478 1261 650 1337 Mosquensi
673 1264 705 1321 et
722 1262 866 1321 Parisinis
887 1264 971 1322 1707
993 1265 1023 1321 ct
1043 1264 1139 1337 1708,

118 1352 283 1411 medentur
309 1351 426 1410 librarii
454 1352 609 1427 archetypi
638 1350 805 1411 temeritati
834 1351 991 1425 debentur,
1023 1352 1076 1427 qui
1103 1370 1138 1409 er

120 1441 248 1501 arbitrio
272 1440 403 1499 chronici
426 1459 591 1499 sermonem
613 1442 798 1499 retractavit

186 1530 237 1588 Ad
264 1530 294 1589 R
321 1532 498 1608 cognatione
526 1529 660 1606 proxime
688 1530 833 1589 accedunt
859 1530 969 1589 codicis
993 1530 1022 1590 G
1050 1549 1139 1606 quae-

120 1619 189 1679 dam
203 1621 315 1695 partes,
334 1619 370 1677 de
385 1620 492 1695 quibus
507 1636 598 1694 supra
615 1639 645 1694 p.
660 1618 759 1677 XXXI
777 1621 910 1694 exposui
941 1619 1085 1679 Attamen
1104 1640 1140 1679 ex

120 1708 181 1769 alio
206 1709 364 1784 archetypi
387 1709 560 1785 apographo
583 1710 675 1784 atque
693 1728 728 1767 ex
747 1727 806 1784 quo
827 1712 942 1785 septem
959 1709 1007 1767 illi
1025 1709 1140 1768 codices

119 1798 271 1857 fluxemnt
294 1798 439 1875 originem
462 1798 567 1857 ducere
588 1796 616 1857 G
637 1797 791 1873 putandus
814 1800 866 1872 est,
892 1798 1003 1874 quippe
1024 1800 1057 1857 in
1081 1818 1139 1873 quo

121 1906 197 1962 quae
225 1888 258 1945 in
286 1888 419 1946 omnium
446 1887 528 1945 illius
559 1886 694 1945 familiae
721 1886 866 1946 librorum
896 1887 995 1962 ipsum
1024 1890 1140 1947 textum

119 1978 234 2037 inserta
253 1978 324 2035 sunt
342 1975 548 2036 additamenta
563 1977 677 2052 partim
694 1978 727 2033 in
744 1978 880 2053 margine
898 1977 1005 2035 relicta
1018 1977 1139 2052 fuerint,

119 2068 234 2141 partim
258 2067 378 2124 omnino
403 2066 513 2139 desint,
541 2067 653 2141 partim
676 2068 796 2140 praeter
820 2065 848 2125 G
870 2068 903 2123 in
930 2065 994 2125 solo
1017 2066 1072 2124 Mo
1094 2067 1139 2123 in-

120 2156 289 2214 veniantur.
335 2154 403 2231 Ipse
426 2156 533 2227 textus,
557 2173 740 2230 quamquam
763 2156 834 2214 sunt
856 2154 959 2213 eadem
981 2154 1044 2213 fere
1063 2174 1140 2229 quae

120 2246 153 2302 in
171 2244 234 2302 illis
252 2243 337 2303 libris
351 2246 461 2302 temere
475 2246 602 2315 mutata,
622 2243 700 2302 aliae
715 2244 857 2303 lectiones
871 2244 972 2302 variae
986 2243 1095 2303 codicis
1112 2242 1141 2303 G

120 2333 239 2391 librarii
259 2332 383 2392 arbitrio
402 2332 554 2406 debentur,
572 2332 665 2391 habet
682 2335 783 2391 tamen
802 2334 894 2392 etiam
911 2332 1054 2392 lectiones
1073 2350 1141 2390 cum

121 2423 252 2500 genuino
275 2424 360 2481 textu
379 2421 604 2482 consentientes
645 2422 682 2480 In
704 2422 761 2481 hac
778 2421 873 2499 igitur
896 2421 1035 2482 editionis
1053 2424 1140 2498 parte

121 2512 199 2590 siglo
223 2511 253 2569 R
275 2511 436 2587 pleraeque
458 2512 599 2570 lectiones
623 2510 715 2570 etiam
738 2510 847 2570 codicis
873 2510 901 2571 G
923 2511 1140 2589 significantur,

122 2601 233 2679 siglum
258 2600 286 2659 G
308 2618 369 2659 non
395 2600 554 2659 adhibetur
580 2600 640 2659 11111
667 2600 720 2659 ubi
747 2600 839 2660 codex
863 2600 891 2660 G
918 2600 957 2659 ab
980 2601 1010 2660 R
1032 2600 1141 2677 differt,

123 2708 191 2749 cum
215 2690 283 2748 11111
305 2689 391 2749 libris
414 2690 570 2750 consentit.

189 2778 238 2837 Ab
261 2778 291 2836 R
313 2778 446 2838 familiae
469 2779 547 2838 libro
566 2778 670 2853 aliquo
693 2780 757 2837 sine
780 2777 870 2837 dubio
894 2779 1040 2857 originem
1059 2779 1141 2837 ducit

122 2867 261 2927 Muralcii
283 2867 374 2927 codex
396 2862 597 2947 Mosquensis
615 2860 788 2945 Synodalis
811 2862 890 2928 011111
911 2862 996 2928 00111
1015 2858 1139 2943 01264,

123 2949 220 3017 hodie
229 2948 304 3017 406.
337 2957 393 3017 Est
407 2960 484 3017 enim
495 2958 527 3015 in
541 2975 575 3016 eo
585 2957 667 3016 locus
676 2977 706 3032 p.
719 2958 791 3030 796,
803 2958 844 3015 18
857 2976 951 3033 usque
966 2958 1004 3016 ad
1021 2977 1051 3033 p.
1066 2957 1141 3030 803,

125 3048 166 3105 24
186 3046 231 3105 ed.
245 3046 321 3105 Mur.
351 3065 444 3121 aeque
463 3046 539 3106 falso
558 3048 768 3121 transpositus,
792 3049 920 3122 euntque
947 3048 980 3105 in
1007 3064 1141 3104 sermone

124 3136 228 3194 eadem
241 3136 303 3194 fere
313 3138 478 3195 retractata
487 3134 722 3211 quaeincetaris
731 3135 865 3195 familiae
874 3136 957 3194 illius
966 3134 1059 3194 libris.
1083 3134 1141 3194 Hic

123 3225 187 3283 illic
211 3226 312 3285 tamen
335 3224 477 3285 lectiones
500 3225 615 3301 pariter
642 3227 733 3299 atque
756 3225 787 3282 111
813 3224 841 3283 G
865 3245 883 3284 a
905 3225 1033 3302 genuino
1057 3225 1142 3283 textu

123 3314 247 3389 propius
272 3314 381 3373 absunt
409 3332 499 3389 quam
521 3314 554 3371 in
576 3314 614 3371 R.
660 3313 808 3389 Equidem
835 3314 965 3372 arbitror
986 3315 1018 3370 in
1042 3314 1142 3373 codice

123 3403 231 3463 horum
254 3403 400 3462 librorum
423 3404 556 3462 omnium
575 3402 738 3479 archetypo
762 3402 836 3462 ulios
854 3402 935 3462 locos
958 3401 990 3459 in
1008 3405 1142 3480 margine

125 3492 199 3552 alios
222 3494 303 3551 inter
325 3511 427 3551 versus
450 3492 541 3551 fuisse
563 3494 756 3563 retractatos,
787 3509 861 3566 quos
884 3491 1002 3550 librarii
1024 3512 1084 3550 non
1108 3511 1142 3548 er

125 3600 219 3658 aequo
243 3580 445 3641 reddiderunt.
492 3580 582 3640 Cuius
604 3582 649 3639 rei
673 3581 840 3655 exemplum
863 3580 986 3639 afferam
1010 3579 1143 3637 luculen-
