2617 3909
177 203 221 267 42
492 204 679 256 Γυοουιοι
697 205 880 257 ιιοιιιιιοι
964 187 965 192 ’

176 358 297 416 τελετῶν
319 351 370 413 καί
392 350 573 414 αὐτῶντῶν
590 350 665 425 Διὸς
686 351 828 432 πράξεων.
870 351 944 414 ὅθεν
966 353 1018 413 καί
1034 375 1112 426 τινες
1133 361 1196 414 τῶν
1296 371 1297 374 ’

176 444 247 533 παρ’
272 449 371 511 αὐτῶν
397 449 564 531 προκρίτων
591 450 751 528 φαίνονται
777 449 819 512 έιι·
837 459 896 512 τῶν
923 448 1016 512 αὐτοῦ
1044 468 1195 533 συγγραμ-

177 549 277 628 μάτων
299 547 546 629 σφετερισάμενοι.
586 547 694 620 πάντες
713 546 770 629 γάρ
788 540 871 610 οὗτοι
894 546 965 627 μετά
983 546 1035 608 τὸν
1052 547 1195 630 Κέκροπα

175 644 342 728 γεγόνασιν,
365 636 409 706 ὧν
430 644 507 707 πολὺ
519 640 651 726 ’Όμηρος
674 643 725 707 καλ
737 641 876 720 Ἡσίοδος
898 651 960 720 τοῖς
978 645 1096 728 ηρόνσις
1117 645 1195 710 ὑπο-

150 743 347 824 ιβεβήκασιν.
388 735 475 816 οότός
497 742 530 825 γέ
551 765 597 805 τοι
614 746 735 824 Μωσῆς
756 753 816 805 τῶν
837 753 943 823 σοφῶν
964 743 1086 807 πάντων
1109 745 1194 808 διδά-

177 845 283 916 σκαλος
305 839 422 920 πέφηνε
443 850 503 902 τῶν
525 839 702 923 ἀπορρήτων
725 841 868 922 ἐξηγητὴς
890 841 1049 923 γενόμενος
1070 841 1121 904 παλ
1139 852 1193 923 τῆς

176 937 319 1018 ἀληθείας
350 938 509 1020 δφηγητὴς
541 938 703 1014 θειότατος.
757 940 813 1019 τὴν
844 939 900 1022 γάρ
927 949 986 1000 τῶν
1018 939 1194 1022 Αἰγυπτίων
1298 957 1299 976 ³

177 1037 289 1115 σοφίαν
316 1037 479 1110 διαπτάσας
505 1034 609 1118 άριστα
635 1035 702 1118 περὶ
728 1039 817 1118 τῆσδε
843 1046 896 1100 τοῦ
918 1037 1032 1116 κόσμου
1056 1038 1193 1119 διεξῆλθε

178 1135 342 1210 συντάξεως
364 1129 418 1195 ὑπ’
438 1133 532 1196 αὐτοῦ
552 1133 690 1214 δηλονότι
712 1144 766 1198 τοῦ
788 1133 837 1197 έπλ
858 1134 978 1196 πάντων
996 1140 1072 1196 θεοῦ
1091 1158 1121 1197 τε
1143 1135 1194 1198 καί
1299 1215 1300 1218 ¹

136 1255 162 1296 10
176 1233 361 1315 δημιουργοῦ
379 1232 479 1312 πάσης
496 1233 616 1306 κτίσεως
632 1231 829 1313 έμπνενσθελς
847 1231 902 1312 τὴν
922 1230 1077 1311 ἀλήθειαν.
1118 1232 1193 1316 λέγει
1299 1247 1300 1252 ’

174 1332 242 1413 γάρ·
271 1330 304 1393 έν
332 1329 406 1415 ἀρχῇ
434 1329 573 1410 ἐπτοίησεν
600 1328 617 1392 ό
639 1329 713 1406 θεὸς
738 1329 790 1392 τδν
813 1328 944 1413 οὐρανὸν
971 1330 1022 1392 καί
1048 1330 1103 1409 τὴν
1125 1341 1192 1414 γῆν.

174 1429 224 1490 καλ
255 1427 359 1492 πολλοὶ
390 1439 450 1490 τῶν
481 1420 551 1508 παρ’
578 1423 704 1507 Ἕλλησι
737 1427 878 1490 τάναντία
909 1428 1023 1490 τούτων
1054 1429 1193 1504 διεξιέναι

174 1526 371 1606 τολμήσαντες
393 1525 436 1600 είς
458 1525 559 1607 βυδδν
582 1524 705 1606 ἀγνοίας
727 1525 778 1588 καλ
800 1525 935 1606 ἀσεβείας
956 1525 1193 1607 κατηνέχθησαν.

173 1623 225 1685 παλ
246 1623 378 1697 εἰκότως·
405 1624 442 1684 τὰ
463 1621 519 1705 γάρ
547 1622 577 1696 ἐξ
599 1621 797 1703 ἀνθρωπίνης
822 1624 957 1698 διανοίας
983 1624 1193 1708 προφερόμενα

134 1742 160 1784 ιε
175 1722 307 1804 δόγματα
337 1719 438 1803 σαθρὰ
469 1722 606 1803 τυγχάνει
633 1718 685 1782 καλ
713 1719 915 1802 ἀνερμάτιστα.
961 1720 1064 1804 διόπερ
1092 1721 1193 1798 οὐδείς
1301 1763 1302 1768 1

173 1815 245 1901 παρ’
270 1818 372 1892 αὐτοῖς
398 1817 500 1898 ἕστηκε
526 1818 613 1900 λόγος
639 1816 794 1899 ἀκίνητος,
820 1817 866 1884 ἀεὶ
893 1828 946 1881 τοῦ
973 1818 1112 1903 δευτέρου
1140 1821 1193 1885 τὸν

173 1917 232 1999 πρὸ
255 1916 349 1980 αὐτοῦ
371 1918 615 1997 καταβάλλοντος,
641 1915 714 1978 ὥστε
737 1915 831 1998 μηδὲν
853 1915 926 1998 ἡμῖν
949 1917 1035 2000 έργον
1057 1912 1134 1980 εἶναι
1156 1919 1193 1982 τὰ
1302 1952 1303 1966 2

173 2015 295 2078 ἐκείνων
322 2014 455 2098 ἐλέγχειν.
500 2014 625 2096 ἀρκοῦσι
653 2013 711 2097 γδιρ
736 2015 874 2096 ἀλλήλοις
900 2014 975 2098 πρὸς
1001 2016 1056 2096 τὴν
1078 2016 1193 2078 οἰκείαν
1302 2035 1303 2080 ἶ

173 2113 354 2196 ἀνατροπήν.
395 2114 428 2175 οἱ
442 2113 499 2196 γάρ
522 2112 597 2176 θεὸν
619 2111 818 2195 ἀγνοήσαντες
840 2115 939 2176 αἰτίαν
961 2114 1096 2196 ἔμφρονα
1118 2136 1192 2195 προ-

134 2233 162 2273 ιο
174 2213 293 2274 εστάναι
310 2221 363 2292 τῆς
376 2210 515 2294 γενέσεως
533 2221 592 2273 τῶν
608 2211 687 2273 ὅλοιν
705 2209 742 2274 οὐ
757 2212 974 2294 συνεχάρησαν,
993 2209 1058 2272 ἀλλ’
1075 2211 1192 2286 οἰκείως

89 2332 116 2372 ει
129 2331 161 2371 ει.
177 2319 211 2394 τῇ
234 2309 265 2384 ἐξ
287 2308 379 2392 ἀρχῆς
401 2307 508 2394 ἀγνοίᾳ
535 2307 571 2370 τά
593 2308 702 2389 ἐφεξῆς
724 2307 935 2391 συνεπέραναν.
981 2307 1031 2370 διὰ
1052 2317 1139 2370 τοῦτο
1163 2311 1195 2371 ολ

174 2406 228 2488 μέν
255 2406 303 2469 έπλ
330 2407 382 2481 τὰς
404 2407 508 2480 ὑλικάς
534 2406 695 2480 ὑποθέσεις
722 2404 890 2488 κατέφυγον
917 2410 979 2480 τοῖς
1001 2414 1054 2468 τοῦ
1077 2406 1191 2486 κόσμον

174 2505 325 2584 στοιχείοις
351 2503 407 2583 τὴν
433 2503 532 2566 αἰτίαν
558 2513 612 2565 τοῦ
638 2503 751 2578 παντὸς
777 2501 953 2584 ἀναθέντες,
981 2504 1013 2565 οἱ
1035 2501 1068 2566 δέ
1096 2502 1191 2586 ἀτομα

246 2732 314 2781 ι-ε
329 2728 622 2783 πεινάσαντα-
638 2726 786 2796 11Gen.1‚
800 2733 867 2781 1.-
884 2733 990 2798 ιι-ρ.
1000 2733 1043 2796 43,
1055 2734 1088 2783 ιο
1098 2728 1186 2784 Βοείι.

173 2798 204 2853 in
221 2798 353 2854 Hekam.
372 2798 386 2852 I
404 2798 500 2869 Migne
518 2799 549 2852 T.
565 2805 608 2868 29,
623 2805 639 2853 8
654 2800 687 2854 A.

244 2974 478 3032 λὸνΑΗΕιιτδ.
497 2975 652 3033 etDm.2
670 2993 738 3033 corr.
758 2994 792 3032 ιω
809 2973 857 3032 ὧν.
878 3009 912 3018 -
937 2976 1061 3041 όοάτως
1079 2975 1133 3032 GV.
1154 3009 1189 3020 --

173 3056 285 3118 μωϋσης
301 3048 416 3102 BFNR.
436 3080 470 3091 -
489 3054 505 3102 6
520 3048 640 3174 πέφηνὲ
660 3047 756 3118 γέγονε
768 3047 824 3102 AB.
845 3080 879 3089 —
898 3053 915 3104 8
933 3049 1033 3186 τῆσδερ
1047 3049 1133 3118 τηςΒ
1157 3048 1190 3105 δὲ

172 3128 222 3190 της
235 3121 267 3174 R.
287 3151 322 3161 -
341 3122 442 3189 διῆλθε
455 3120 481 3173 Α
499 3120 599 3188 ἐξῆλθε
641 3163 646 3173 .
665 3151 702 3160 -
721 3125 753 3174 12
772 3119 957 3190 τολμήσαντες
975 3123 1018 3175 διε
1035 3117 1109 3174 ιέναι
1127 3120 1189 3175 RV.

174 3221 207 3232 -
232 3197 266 3245 14
287 3208 360 3260 προσ
383 3188 502 3261 ερόμενα
520 3190 610 3244 HRV.
634 3223 670 3232 -
695 3195 727 3244 15
751 3190 937 3261 ἀνερμάτιστα
960 3191 1071 3246 VEust.
1100 3192 1189 3260 ἀναρ-

173 3261 290 3332 μάτιστα
301 3263 349 3316 ΑΒ
395 3261 587 3331 ἀναμάρτιστα
602 3261 622 3316 C
641 3260 820 3332 έναμάρτητα
835 3261 861 3316 D
879 3261 1098 3332 ἀτερμάτισταΕ
1118 3262 1190 3331 έφά-

173 3353 265 3402 μαρτα
282 3332 309 3387 Η
327 3333 489 3404 ἀνάρμοστα
507 3335 549 3389 vel
566 3332 663 3404 ένάρμ.
678 3333 710 3387 R.
731 3365 765 3374 -
785 3340 818 3388 19
837 3332 1002 3403 ἀποτροπήν
1020 3334 1054 3388 N.

173 3581 202 3637 ἔτ
246 3515 279 3563 16
284 3508 441 3635 Ρἀκίνητος,
467 3511 505 3575 ὥς
523 3529 610 3583 φησιν
633 3511 648 3567 ό
668 3512 753 3584 μέγας
771 3510 909 3585 βασίλειος
926 3512 957 3566 P.
981 3544 1015 3554 -
1041 3518 1074 3566 17
1094 3513 1188 3586 ἔργον]

203 3599 267 3649 ερον
309 3625 314 3635 .
