2617 3909
187 209 256 274 314
502 209 690 262 Γεςεεοιου
708 209 891 261 Μοαοεοο

185 357 246 420 έπεί
274 351 345 439 οὖν,
372 356 413 433 ὡς
439 357 579 430 πολλάκις
606 357 699 437 ἔφην,
727 354 747 434 ή
772 354 863 438 όγὸόη
889 354 940 417 καί
962 352 981 434 ἡ
1006 365 1065 416 τῶν
1088 366 1206 437 νεκρῶν

185 457 295 538 έγερσις
327 458 384 541 βοᾷ
415 455 471 536 τήν
502 465 556 516 τοῦ
587 454 701 534 κόσμον
734 453 916 534 συντέλειαν,
949 452 1045 515 ἰστέον
1072 451 1114 526 ἀς
1142 454 1206 516 τότε

184 555 301 628 πάντως
324 551 343 633 ἡ
367 562 420 615 τοῦ
443 552 557 632 κόσμου
579 537 732 635 γενήσεται
755 550 914 632 συντέλεια,
938 551 984 613 ὁτε
1007 552 1040 612 οί
1056 551 1136 613 ὅσιοι
1155 553 1205 613 καί

183 652 312 733 εὐσεβεῖς
344 650 532 729 ἐκλείψουσιν
561 649 620 712 ἀπὸ
648 661 701 731 τῆς
727 660 792 732 γής.
836 649 887 710 καί
914 650 1019 711 τοότου
1046 650 1162 731 μάρτυς
1189 648 1204 711 ὁ

158 750 311 832 οΧριστὸς
337 749 442 810 εἰπάν·
469 743 528 829 ἀρα
554 747 653 811 ἐλθὼν
676 748 692 811 ὁ
716 748 782 821 οἰὸς
807 757 862 810 τοῦ
890 746 1057 830 ἀνθρώπου
1085 747 1205 829 εὑρήσει

183 848 238 928 τήν
265 849 363 909 πίστιν
390 846 439 909 έπί
466 856 519 926 τῆς
545 856 614 928 γής;
642 845 692 907 καί
720 845 737 908 ὁ
765 845 927 919 ἀπόστολός
952 862 1059 925 φησιν·
1083 845 1204 925 έάνμή
1295 882 1296 891 ¹

184 945 258 1030 έλθη
286 955 403 1028 πρῶτον
431 942 450 1024 ή
478 944 656 1024 ἀποστασία,
683 945 731 1006 ὅτε
758 942 974 1023 ἀποστήσονται
1001 952 1054 1023 τής
1078 945 1204 1018 πίστεως

183 1040 373 1125 προσέχοντες
400 1043 547 1121 πνεύμασι
573 1043 690 1122 πλάνης
716 1040 768 1102 καί
797 1043 1000 1114 διδασκαλίαις
1027 1043 1202 1121 δαιμονίων.

183 1141 233 1204 καί
255 1140 314 1204 ἀπὸ
337 1139 391 1221 μέν
414 1150 467 1220 τῆς
494 1139 638 1219 ἀληθείας
664 1140 719 1221 τήν
747 1138 843 1219 ἀκοήν
871 1138 1128 1220 ἀποστρέψουσιν,
1156 1139 1204 1201 έπί

144 1261 169 1301 ιο
183 1237 215 1301 δέ
246 1240 316 1314 τοὺς
352 1240 471 1319 μύθους
507 1237 747 1320 ἐκτραπήσονται.
793 1236 844 1298 καί
878 1237 976 1318 ὥσπερ
1010 1239 1203 1320 κυβερνητῶν

182 1337 310 1400 ἀπώλεια
337 1347 397 1399 τῶν
423 1338 536 1398 πλοίων
563 1335 623 1399 έστί
649 1337 792 1417 ναυάγια,
819 1334 870 1396 καί
897 1333 1048 1415 ποιμένων
1071 1334 1203 1398 ἀπουσία

182 1437 339 1519 προβάτων
362 1434 496 1519 όλεθρος,
518 1433 569 1496 καί
591 1444 728 1516 γεωργῶν
747 1431 867 1513 ἀμέλεια
884 1434 1000 1515 χωρίων
1019 1431 1201 1513 ἀφανισμός,

182 1534 259 1596 οὸτω
292 1531 341 1594 καί
376 1542 435 1594 τῶν
467 1531 558 1595 ὁσίων
589 1529 609 1612 ή
642 1532 773 1610 ἔκλειψις
804 1541 857 1592 τοῦ
888 1532 1002 1611 κόσμου
1034 1533 1200 1604 κατάλυσις.

183 1630 300 1710 ὁσιότης
323 1629 356 1692 ὁί
378 1630 456 1692 ἐστιν
479 1627 498 1709 ἡ
522 1629 597 1711 πρὸς
618 1631 672 1693 τὸν
699 1629 774 1691 θεὸν
796 1630 993 1709 καθοσίωσις,
1016 1627 1067 1689 καί
1090 1629 1201 1702 ἐκεῖνος

143 1750 168 1790 τε
183 1728 264 1800 ὁσιος
287 1727 303 1790 ὁ
327 1727 432 1790 έαυτὸν
456 1727 506 1789 ὁιά
527 1729 651 1800 πίστεως
674 1726 725 1789 καί
748 1727 841 1809 ἔργων
864 1725 990 1808 ἀγαθῶν
1010 1727 1201 1800 καθοσιώσας
1294 1708 1297 1731 ’

182 1824 232 1886 καί
254 1831 293 1910 τῷ
312 1831 374 1911 θεῷ
394 1824 570 1908 ἀφιερώσας.
608 1826 682 1887 ὅθεν
705 1824 772 1908 περὶ
794 1833 848 1886 τοῦ
866 1825 941 1887 θεὸν
963 1824 1200 1904 καταλιμπάνον-

182 1947 231 1996 τος
262 1923 313 1986 καί
343 1921 530 2007 ἀρνουμένου
562 1922 614 1998 τὰς
644 1923 720 2006 πρὸς
751 1922 844 1986 αὐτόν
875 1921 1033 2001 συνθήκας
1061 1922 1159 2004 ἔλεγεν
1185 1919 1200 1982 ὁ

182 2026 312 2102 Μωσής·
337 2023 378 2102 μή
401 2022 486 2106 εἴπης
515 2021 548 2084 έν
576 2031 610 2107 τῇ
639 2021 747 2106 καρδία
775 2036 842 2082 σου·
867 2020 933 2082 ὁσιά
956 2043 1007 2099 μοι
1029 2018 1146 2102 γένοιτο
1169 2020 1200 2082 έν

181 2127 221 2205 τῷ
240 2118 405 2200 ἀποστῆναι
427 2118 486 2182 ἀπὸ
509 2121 624 2203 κυρίου.
670 2119 806 2200 καθάπερ
830 2110 886 2180 οὸν
909 2115 925 2179 ὁ
948 2126 1002 2180 τοῦ
1024 2124 1103 2179 θεοῦ
1126 2117 1200 2180 ἀπο-

120 2233 168 2279 ὀο
182 2219 288 2298 στάτης
310 2217 360 2280 καί
382 2226 548 2301 κακοῦργος
570 2216 691 2290 ἀνόσιος
713 2215 833 2299 λέγεται,
856 2216 951 2304 οὕτως
969 2215 986 2278 ὁ
1007 2221 1047 2300 τῷ
1067 2222 1132 2301 θεῷ
1151 2216 1200 2278 ὁιά

181 2318 304 2390 πίστεως
330 2316 381 2378 καί
408 2315 612 2399 ἀγαθουργίας
638 2313 805 2388 οἰκειωθείς
831 2314 913 2386 ὅσιος
942 2313 992 2374 καί
1015 2314 1133 2388 δίκαιος
1159 2314 1201 2376 εί-

181 2413 273 2488 κότως
296 2412 475 2493 ὀνομάζεται.

252 2608 1200 2679 5Luc.18‚8.-611.Th0ss.2,3.-71.Tim.4,1.-
1294 2604 1295 2633 ὁ

181 2688 197 2735 8
216 2682 334 2737 Ποία,
350 2687 414 2750 4,1.
434 2714 468 2723 -
488 2687 522 2736 18
540 2681 622 2737 Dent.
638 2687 739 2750 29‚.19.

253 2857 268 2905 3
291 2849 436 2921 γενήσεται
459 2849 476 2920 ἡ
499 2859 549 2906 τοῦ
572 2872 596 2905 κ.
616 2846 798 2906 συντέλειαῙι
826 2849 844 2919 ἡ
867 2857 917 2903 τοῦ
940 2869 965 2903 κ.
985 2848 1091 2904 ουντέλ.
1118 2849 1199 2918 γενή-

181 2940 258 2978 σεται
275 2923 308 2975 A.
333 2953 366 2962 -
390 2919 505 2992 γένηται
523 2921 569 2976 OF
593 2919 702 2993 γίνεται
719 2921 779 2975 RV.
803 2952 837 2961 -
860 2927 877 2974 4
897 2917 1061 2990 έκλείψωσιν
1081 2918 1141 2974 CN.
1159 2920 1198 2962 ’-

181 2999 196 3047 ὅ
217 2993 273 3062 ἀρα
292 2991 372 3047 AOF.
393 3024 426 3033 —
446 2998 462 3047 6
480 2993 531 3063 τὴν
549 3011 599 3048 om.
614 2993 649 3048 N.
669 3025 703 3035 -
723 3000 739 3046 9
758 2991 973 3062 ἀποστρέψωσιν
992 2990 1062 3045 0le
1082 2997 1108 3046 ιλ
1126 3008 1198 3047 roco.
1290 3018 1296 3047 τ

181 3065 296 3134 quidam
321 3061 536 3134 ίπιστρέψουσιν
554 3065 602 3119 ΑΒ
625 3083 660 3120 m.
679 3069 699 3119 2
721 3081 789 3120 corr.
809 3067 841 3118 ἰκ
858 3064 891 3118 A.
916 3095 949 3103 —
975 3069 1006 3116 11
1029 3060 1154 3132 ναυαγία
1173 3063 1199 3118 V

180 3144 205 3191 ολ
219 3135 243 3188 D
257 3141 322 3190 m.1
341 3142 374 3190 1ιὸ
390 3137 444 3192 vid.
460 3153 527 3192 corr.
542 3154 576 3191 ex
592 3135 724 3207 ναυάγια.
753 3135 891 3206 ναυάγιον
905 3133 983 3188 CFL.
999 3165 1033 3174 —
1054 3140 1087 3188 12
1105 3154 1199 3204 χωρα-

181 3205 255 3276 φίων
269 3208 337 3278 (χορ.
353 3206 384 3278 Ο)
399 3206 453 3261 OF.
470 3239 503 3248 -
524 3213 557 3260 14
571 3207 620 3262 τὸν
634 3225 685 3262 om.
701 3206 778 3260 Suid.
793 3225 818 3261 v.
833 3204 944 3275 ὁσιότης
957 3212 982 3260 et
995 3204 1075 3259 codd.
1087 3211 1200 3274 praeter

181 3278 235 3332 ΑΡ.
259 3309 294 3320 -
318 3283 351 3334 16
369 3279 452 3402 θεὸη]
476 3279 615 3334 τὸνθεόν
633 3278 744 3331 BSuid.
767 3281 840 3332 θεοῦ
859 3276 947 3332 OMV.
973 3308 1007 3317 -
1032 3281 1064 3330 18
1084 3282 1198 3345 μωϋσῆς

181 3349 260 3402 codd.
272 3355 381 3417 praeter
399 3349 423 3402 D
462 3349 538 3402 Suid.
554 3381 587 3389 —
607 3355 639 3403 21
661 3346 853 3419 ἀγαθοεργίας
871 3349 920 3402 BF
939 3354 964 3403 et
981 3362 1052 3403 roco.
1068 3348 1195 3416 quidam.

182 3449 214 3458 -
234 3417 310 3482 ὅσιος
328 3418 441 3481 εἰκότως
458 3421 507 3474 καί
525 3416 579 3472 ὁίκ.
597 3419 673 3488 ὀνομ.
688 3420 712 3472 Α
731 3418 845 3483 εἰκότως
862 3436 913 3475 om.
928 3418 959 3473 Β.

253 3592 268 3638 3
288 3587 336 3640 καί
355 3586 382 3640 οἰ
401 3587 521 3656 εὐσεβεῖς
539 3585 568 3638 P.
