2617 3909
528 249 737 301 ’Χεοωοτοω
1086 204 1147 312 101

136 395 275 476 βασιλεύς
296 397 404 477 Σαλήμ
426 396 521 479 ἱερεύς
542 406 596 458 τού
613 403 690 460 θεοῦ
708 405 764 458 τοῦ
779 395 909 474 ύψίστου
927 395 944 458 δ
963 397 1151 475 συναντήσας

133 488 268 575 Ἁβραάμ
289 493 349 557 ἀπὸ
372 503 425 574 τῆς
446 504 543 574 κοπῆς
559 504 619 555 τῶν
637 493 782 575 βασιλέων
800 492 850 555 καὶ
869 493 1030 576 εὐλογήσας
1048 495 1149 575 αὐτόν,

136 580 162 675 ᾧ
184 589 235 652 καλ
257 592 384 671 δεκάτην
405 591 466 654 ἀπὸ
488 593 609 659 πάντων
635 590 766 674 ἐμέρισεν
784 587 933 674 Ἁβραάμ,
956 601 1073 673 πρῶτον
1096 590 1151 672 μὲν

136 688 372 771 ἑρμηνευόμενος
394 689 531 770 βασιλεύς
553 690 756 770 δικαιοσύνης,
779 689 876 752 ἔπειτα
895 688 926 752 δὲ
946 689 995 752 καί
1013 689 1150 770 βασιλεὺς

135 788 255 867 Σαλήμ,
278 787 295 848 ό
316 787 377 851 ἐστι
394 787 532 868 βασιλεὺς
549 786 681 868 εἰρήνης,
699 785 830 868 ἀπάτωρ,
848 786 980 869 ἀμήτωρ,
996 787 1150 870 ἀγενεαλό-
1177 809 1190 850 ε

136 908 236 966 γητος,
259 885 331 973 μήτε
354 884 448 966 ἀρχήν
465 883 584 967 ἡμερῶν
605 884 676 965 μήτε
695 888 772 966 ζωῆς
790 884 870 958 τέλος
888 885 972 966 ἔχων,
991 884 1150 964 ἀφωμοιω-
1297 880 1299 882 ’

137 981 226 1062 μένος
244 981 277 1046 δὲ
295 990 334 1068 τῷ
349 984 406 1067 νίζε
420 993 474 1045 τοῦ
488 989 564 1047 θεοῦ
578 980 660 1063 με’νει
677 983 770 1064 ἱερεύς
789 983 830 1056 εἰς
848 983 880 1045 τὸ
900 982 1041 1062 διηνεκές.
1073 989 1150 1044 θεω-

137 1087 211 1161 ρεῖτε
229 1079 262 1143 δέ
275 1081 402 1160 πηλίκος
420 1074 518 1161 ούτος,
533 1069 557 1165 ᾧ
571 1079 622 1142 καί
635 1081 763 1159 δεκάτην
775 1076 910 1162 (Λβραάμ
924 1081 1032 1143 ἔδωκεν
1046 1081 1151 1144 ἐκτῶν

136 1177 323 1258 ἀκροθινίων
350 1177 367 1241 δ
394 1179 583 1261 πατριάρχης.
626 1177 679 1239 καί
706 1180 738 1240 οί
762 1176 816 1258 μέν
838 1177 951 1240 ἐκτῶν
976 1179 1052 1240 υἱῶν
1074 1177 1152 1240 Λευὶ

137 1276 194 1355 τήν
215 1277 360 1358 ἱερατείαν
383 1277 582 1358 λαμβάνοντες
602 1275 725 1355 ἐντολήν
743 1277 862 1357 ἔχουσιν
879 1274 1082 1337 ἀποδεκατούν
1100 1275 1151 1336 τὸν
1165 1299 1191 1340 ιο

136 1374 211 1437 λαὸν
232 1373 307 1436 κατά
328 1374 380 1436 τὸν
401 1374 507 1455 νόμον,
525 1367 604 1436 τοῦτ’
625 1373 685 1436 ἔστι
705 1374 775 1447 τοὺς
793 1372 942 1450 ἀδελφοὺς
960 1372 1070 1454 αὐτῶν,
1087 1374 1151 1434 καί·

136 1494 192 1553 περ
214 1471 428 1552 ἐξεληλυθότας
451 1471 484 1534 έκ
505 1483 558 1553 τής
581 1469 696 1552 ὀσφύος
712 1467 854 1551 Ἁβραάμ.
892 1469 908 1534 δ
933 1469 964 1534 δέ
988 1471 1028 1550 μή
1051 1493 1151 1552 γενεα-

135 1571 317 1652 λογούμενος
334 1571 366 1644 ἐξ
384 1570 482 1632 αύτῶν
499 1569 677 1632 δεδεκάτωκε
696 1568 747 1630 τὸν
761 1564 895 1651 Ἁβραάμ
912 1568 962 1630 καί
980 1567 1032 1630 τὸν
1050 1568 1152 1649 ἔχοντα

135 1667 189 1741 τάς
202 1667 374 1750 ἐπαγγελίας
387 1669 563 1750 ηύλόγησεν.
591 1666 679 1748 χωρίς
693 1665 725 1729 δὲ
734 1667 832 1746 πάσης
845 1665 1012 1747 ἀντιλογίας
1025 1665 1058 1727 τὸ
1071 1666 1152 1728 ἔλατ-

135 1789 189 1829 τον
206 1765 267 1830 ύπδ
285 1775 338 1827 τού
356 1767 522 1848 κρείττονος
539 1764 708 1846 εύλογεῖται.
745 1763 822 1846 ἀνήρ
836 1763 892 1846 γάρ
911 1755 950 1843 ήν
970 1765 1085 1838 δίκαιος
1102 1763 1152 1825 καί
1166 1787 1192 1829 15

136 1864 284 1944 θεοσεβὴς
301 1862 435 1942 έθνικός,
452 1863 649 1945 καταγόμενος
666 1855 729 1945 (ἐφ’
747 1863 818 1924 ὅσον
836 1863 902 1944 γάρ,
921 1863 1025 1940 φησίν,
1042 1860 1152 1944 λέγεται

134 1970 229 2024 ταῦτα
251 1966 351 2042 φυλής
373 1959 471 2042 ε’τέρας
494 1955 679 2042 μετέσχηκεν)
703 1959 736 2022 ἐκ
758 1969 811 2022 τοῦ
833 1958 939 2040 γε’νους
962 1960 1060 2020 Σίδου
1082 1961 1152 2020 υἱοῦ

134 2060 293 2142 Αἰγύπτου
309 2057 451 2139 βασιλέως
464 2059 631 2140 Αἰγύπτου,
648 2057 679 2130 ἐξ
694 2051 730 2120 οὗ
745 2059 898 2138 Αἴγυπτος
916 2055 1093 2136 ὠνόμασται,
1112 2055 1152 2130 ὡς

134 2155 187 2217 καί
204 2157 339 2237 πρόσθεν
361 2156 482 2237 εἴρηται.
522 2156 602 2228 ὅστις
619 2156 713 2228 Σίδος
731 2154 866 2216 ἐπελθὼν
884 2153 914 2228 ἐξ
929 2154 1084 2235 Αἰγύπτου
1102 2152 1153 2214 καί

134 2254 193 2334 τήν
214 2253 312 2334 χώραν
334 2263 393 2316 τῶν
416 2254 599 2315 Χαναναίων
621 2253 812 2335 παραλαβών,
834 2251 889 2331 τήν
912 2260 969 2312 νῦν
992 2252 1152 2313 Παλαιστί-
1166 2277 1192 2318 20
1207 2268 1232 2308 τι
1247 2266 1278 2307 ω.

135 2375 197 2431 νην
223 2349 401 2433 λεγομένην,
426 2350 469 2422 εἰς
496 2346 537 2428 ἣν
563 2349 687 2429 οἰκήσας
714 2349 764 2412 καί
786 2349 874 2411 πόλιν
896 2349 996 2422 κτίσας
1020 2348 1153 2410 ἐκάλεσεν

128 2448 233 2528 ἀύτήν
251 2449 375 2509 Σιδῶνα
392 2447 436 2522 εἰς
453 2447 485 2509 τὸ
505 2448 583 2510 ἴδιον
602 2446 704 2528 ὄνομα.
737 2447 787 2508 καί
805 2446 909 2508 λοιπὸν
928 2445 960 2507 ἐκ
978 2445 1154 2528 τοῦγένους

136 2548 235 2610 Σίδου
266 2545 402 2626 κατήχθη
430 2544 528 2627 Μελχί
555 2543 571 2606 δ
603 2546 700 2628 πατήρ
732 2555 785 2607 τοῦ
813 2543 921 2625 Σεδέκ,
954 2545 1034 2619 ὅστις
1059 2542 1154 2607 Σεδὲκ

135 2643 294 2726 γενόμενος
317 2644 412 2726 ίερεύς
434 2643 484 2705 καί
506 2643 643 2725 βασιλεὺς
666 2643 818 2723 ἐπεκλήθη
837 2640 1020 2724 Μελχισεδὲκ
1037 2665 1153 2724 πατρω-

210 2848 319 2912 ιιω-γ.
340 2847 406 2910 ιω,
430 2847 445 2894 ι
473 2841 539 2896 Mal.
562 2859 591 2911 p.
614 2846 663 2906 οι,
683 2846 724 2895 10.
753 2843 788 2910 ιγ.
812 2841 901 2896 emm.
921 2842 1025 2897 Αοειο.
1045 2842 1107 2896 Par.
1128 2841 1154 2894 11

132 2932 163 2984 γ.
179 2919 246 2982 240,
266 2918 364 2982 οοηη.
385 2945 419 2954 -
439 2919 473 2967 1ο
491 2913 576 2968 Ηωι.
593 2919 617 2981 ι,
632 2918 674 2966 13.

210 3099 224 3147 1
245 3091 273 3164 δ]
292 3090 323 3155 ὃς
336 3091 393 3146 AB.
413 3123 448 3132 -
463 3081 482 3145 '9
502 3087 685 3160 ἀκροθηνίων
704 3091 784 3145 codd.
799 3095 911 3162 praeter
925 3089 981 3146 GV.
1002 3121 1035 3131 -
1056 3094 1090 3144 14
1108 3089 1154 3142 εύ-

135 3162 255 3235 λόγησεν
271 3163 348 3218 FNP
366 3169 391 3218 et
408 3179 479 3216 rece.
495 3162 619 3231 quidam.
639 3159 677 3202 -’
694 3166 727 3215 16
747 3163 868 3226 ἐθνικῶς
886 3160 1076 3231 καταγόμενος
1093 3160 1152 3213 RV.

135 3268 170 3276 -
192 3241 226 3290 19
245 3233 368 3299 ἐξελθὼν
385 3233 445 3288 RV.
465 3265 498 3274 -
519 3240 552 3288 21
567 3231 741 3303 καλουμένην
755 3232 814 3288 RV.
833 3265 868 3273 -
888 3239 920 3286 22
941 3232 1048 3288 οιδάνα
1061 3229 1155 3284 AMW

136 3313 162 3362 τί
178 3305 202 3360 L
219 3325 254 3362 m.
268 3309 289 3361 2
306 3322 375 3362 corr.
391 3302 491 3360 σιδόνα
510 3304 569 3358 BF.
588 3337 622 3345 -
642 3309 676 3358 23
695 3303 779 3376 μελγή
798 3304 839 3373 (-ή
857 3303 894 3374 Η)
913 3301 1054 3357 BGNPV.

209 3490 225 3537 2
244 3482 361 3555 ἀβραάμ
383 3481 521 3554 ἐρχομένω
545 3438 761 3552 (ὑποστρέφοντι
779 3480 875 3550 Hebr.)
898 3480 955 3535 ἀπὸ
973 3481 1004 3534 Ρ.
1026 3513 1059 3522 -
1083 3486 1100 3535 5
1124 3479 1155 3543 ός

135 3554 249 3683 ξργὲοιλὲι
271 3586 305 3595 -
329 3559 515 3624 24-μ.102,
532 3560 546 3608 1
566 3554 615 3608 καί
637 3551 911 3625 βασιλεύς-ἱερεὺς
933 3569 983 3607 om.
1006 3552 1028 3606 P
1052 3569 1086 3607 εκ·
1107 3553 1153 3606 ho·
