2617 3909
163 219 227 283 134
472 219 659 271 σωοεστου
677 220 860 280 ποσιτιον

160 368 231 441 ἴσως
257 367 307 429 καί
333 368 406 430 λαδν
433 365 552 446 ἀπενθῆ
573 365 906 450 καίσκληροτράχηλον
931 367 982 429 καί
1004 370 1182 452 δυσάγωγον

160 468 222 546 δίμα
248 465 299 528 καί
326 463 481 546 ἀντίλυγον
509 465 718 544 ποιμαίνοντες
749 464 799 526 καί
832 463 926 544 μηδὲν
957 465 990 528 ἐκ
1021 477 1074 548 τῆς
1105 467 1182 530 ἐκεί-

159 588 222 626 νων
255 562 440 643 φαυλύτητος
471 561 603 642 οἰόμενοι
638 563 820 636 κινδυνῶδες
851 564 973 646 πάσχειν
1004 564 1037 626 ἐκ
1068 571 1183 646 πολλῆς

159 660 335 744 ἀπροσεξίας
370 658 421 721 καί
454 658 628 741 ἀβελτηρίας
660 658 683 740 ἢ
713 665 823 738 μᾶλλον
855 661 950 752 εἰπεῖν
981 672 1034 743 τῆς
1064 665 1182 745 παγκά-

130 780 215 820 σκου
247 758 360 837 λύθηςς
393 758 421 819 εί
449 757 506 840 γὰρ
538 758 581 830 είς
612 757 732 819 ἔννοιαν
764 752 843 839 είχου
879 757 926 820 ἀεί
956 759 1008 820 τὸν
1040 759 1183 841 ἀοίδιμον

158 855 254 938 ἀνδρα
277 865 393 936 τοῦτον,
417 851 487 935 μεθ’
513 852 549 916 δν
571 854 622 917 καί
644 855 696 916 τὸν
719 856 836 918 δίκαιον
862 855 996 938 ἀρχιερέα
1015 852 1105 939 Ἠλεί,
1129 859 1183 921 καί

159 955 240 1027 ὅπως
272 953 407 1036 ἓκύτερος
439 954 538 1016 αὐτῶν
569 952 658 1026 δσίως
689 952 739 1014 καί
771 951 929 1032 ἀμέμπτως
960 957 1095 1035 βιοῦντες
1128 957 1182 1019 καί

157 1053 404 1134 προστατεύοντες
430 1051 463 1113 ἐκ
490 1061 543 1131 τῆς
569 1061 629 1114 τῶν
656 1050 935 1132 προστατευομένωυ
963 1052 1181 1116 ἐκινδύνευσαν

158 1151 274 1230 κακίας,
296 1150 353 1212 οὐκ
375 1148 414 1210 διν
436 1149 604 1211 ἐπαύσαντο
626 1154 812 1230 θρηνοῦντες
834 1147 884 1212 καὶ
908 1152 1076 1232 φρίττοντες
1099 1151 1182 1214 εἰκό-

118 1268 146 1308 ιο
158 1270 215 1321 τως
242 1247 293 1309 καί
319 1247 375 1327 τὴν
404 1245 510 1329 ἐτέρων
542 1248 722 1329 προστασίαν
749 1244 770 1328 ἢ
798 1249 1030 1328 παραιτούμενοι
1056 1246 1077 1330 ἢ
1106 1251 1181 1329 μετὰ

157 1351 269 1407 πολλοῦ
296 1345 397 1426 φόβου
424 1344 475 1406 καί
501 1344 612 1426 τρόμου
639 1349 842 1426 καθηγεῖσθαι
866 1345 915 1407 καί
939 1347 1083 1426 διηνεκῶς
1106 1367 1180 1410 πευ-

157 1449 227 1504 θεῖν
253 1442 304 1504 καὶ
333 1443 500 1525 φροντίζειν
526 1441 593 1523 περὶ
619 1452 673 1522 τῆς
697 1441 819 1505 ἐκείνων
842 1441 1002 1525 ἀπολογίας
1025 1444 1099 1506 κατδι
1122 1447 1181 1526 την

157 1538 224 1622 περὶ
246 1551 306 1602 τῶν
329 1538 505 1621 ἀμφοτέρων
527 1538 726 1620 ἀποστολικὴυ
749 1542 923 1622 παραίνεσιν
945 1541 1001 1622 τὴν
1019 1541 1180 1624 λέγουσαν·

157 1639 301 1698 πείθεσθε
333 1643 394 1710 τοῖς
421 1633 600 1718 ἡγουμένοις
626 1636 713 1716 ὑμῶν
740 1637 790 1699 καλ
822 1637 962 1701 ὑπείκετε.
1008 1639 1093 1702 αὐτοὶ
1120 1641 1179 1725 γὰρ

118 1753 144 1794 15
159 1733 363 1816 ἀγρυπνοῦσιν
385 1731 460 1816 ύπὲρ
483 1744 542 1794 τῶν
562 1745 671 1816 ψυχῶν
693 1735 779 1814 ὑμῶν
797 1733 837 1808 ὡς
856 1738 944 1818 λόγον
962 1736 1179 1812 ἀποδώσοντες,

225 1831 268 1892 Ei
289 1833 392 1893 τοίνυν
415 1833 447 1892 οί
463 1842 591 1894 τοιοῦτοι
609 1831 659 1893 καί
678 1837 846 1912 τηλικοῦτοι
864 1834 1035 1916 καθηγηταί
1053 1836 1103 1896 διὰ
1121 1837 1180 1917 τὴν

158 1939 218 2009 τῶν
240 1929 480 2012 καθηγουμένων
502 1929 553 1991 καλ
575 1929 753 2012 ὑποχειρίων
771 1931 994 2014 ἐκινδύνευσαν,
1019 1931 1059 2007 ἀς
1076 1937 1179 2016 προεί-

158 2052 254 2110 ρηται,
274 2029 453 2109 μοχθηρίαν,
472 2029 516 2101 τίς
531 2025 605 2110 ύπὲρ
620 2029 744 2102 τούτους
758 2029 941 2109 καυχήσηται
955 2030 1179 2111 φανταζόμενος

157 2124 178 2206 ἢ
192 2125 441 2206 ἀλαζονευόμενος
458 2125 509 2186 καί
526 2125 696 2199 ἀκινδύνως
713 2127 769 2206 τὴν
787 2123 949 2207 ἡγεμονίαν
966 2129 1112 2190 διασῶσαι
1125 2153 1178 2208 με-

118 2244 145 2284 νο
158 2223 336 2305 γαλαυχήσει
350 2221 400 2284 καὶ
414 2223 639 2304 ματαιολογήσει
653 2233 791 2306 φανερῶς
804 2222 1029 2308 ἀμνημονήσσις,
1046 2227 1090 2288 δτι
1104 2233 1178 2289 πολ-

157 2319 204 2383 λοὶ
217 2321 345 2394 πολλοὺς
358 2319 569 2402 ἀφελεστέρους
582 2319 632 2382 καὶ
646 2323 819 2395 δυσπειθεῖς
833 2323 976 2385 διασῶσαι
985 2323 1177 2406 πειραθέντες

157 2416 231 2499 ὑπὲρ
250 2417 306 2497 την
329 2417 414 2498 ίσχύν
437 2416 536 2479 αὐτῶν
558 2417 608 2479 καλ
631 2418 756 2493 ἑαυτούς
778 2420 1019 2502 προσαπώλεσαν,
1043 2423 1123 2502 οἴμοι
1143 2423 1177 2486 τὸ

157 2515 359 2595 ἐλεεινότερον,
377 2509 444 2589 ἐσθ’
461 2515 508 2576 ὅτε
526 2514 576 2576 καί
590 2517 739 2598 αἴσχιστον
753 2517 803 2579 καὶ
816 2517 964 2580 κάκιστον.
1000 2517 1107 2594 ἀλλους
1122 2519 1177 2600 μὲν

230 2709 265 2757 14
282 2703 366 2758 Hebr.
384 2709 425 2772 ιε,
442 2709 483 2758 ιι.

229 2869 244 2916 3
265 2863 295 2918 ἐκ
313 2866 484 2932 πολλῆς-4
504 2865 593 2920 εἰπεῖν
611 2881 663 2920 om.
680 2865 758 2919 FLR.
779 2898 813 2907 -
833 2873 850 2920 4
868 2867 974 2992 τῆςχέκ
988 2868 1062 2923 LRV
1076 2885 1127 2925 om.
1143 2869 1174 2924 F.

157 2967 191 2975 -
211 2941 227 2989 6
245 2943 346 2990 τούτου
364 2935 457 3004 ἀνδρα
476 2934 533 2990 GV.
554 2967 587 2976 -
606 2936 703 3004 ἠλεῖΒ
722 2933 782 3005 ἡλεί
798 2937 820 2990 Ρ
838 2937 900 3008 ηλεῖ

155 3005 217 3074 ἠλεί
229 3010 297 3061 καλ
314 3024 349 3061 ιω
362 3004 415 3061 είλί
428 3007 457 3059 L.
474 3038 507 3074 ε
523 3011 556 3060 13
570 3008 635 3075 περὶ
648 3023 699 3062 om.
717 3007 797 3062 BRV
810 3009 889 3078 παρὰ
904 3008 935 3065 G.
951 3042 985 3051 «-
1006 3016 1040 3066 14
1054 3011 1175 3078 ύπήκετε

155 3077 203 3130 AF
221 3076 391 3145 ύπήκεταιῦ
410 3073 552 3132 ύπίκειται
565 3077 595 3130 Μ
613 3075 744 3148 ύτιείιιητε
758 3079 784 3132 R
801 3079 925 3151 ύπήκητε
939 3081 969 3135 Ρ.
994 3115 1025 3123 -
1048 3088 1080 3137 16
1094 3081 1175 3152 ἡμῶν

157 3148 242 3202 OFM.
267 3181 300 3188 —
326 3154 359 3203 18
382 3147 550 3219 καυχήσεται
571 3147 736 3204 ABGLRV.
758 3183 791 3192 -
816 3156 849 3205 19
874 3153 1067 3226 μεγαλαυχήσχ
1086 3152 1176 3207 ΟΗΜ

157 3217 710 3360 ιιηλωῶωῶκιίνλε
724 3219 1062 3358 ἀνανεύσειε,-
1077 3230 1110 3278 2³
1125 3227 1177 3280 ’ί

935 2937 1173 3008 Μωεωκ

230 3454 245 3500 1
264 3447 502 3519 σκληροτράχηλύν
515 3470 562 3503 ται
576 3451 625 3504 καί
638 3451 669 3504 Ρ.
685 3485 719 3494 -
735 3459 768 3507 13
782 3454 833 3523 τὴν
847 3453 995 3528 λέγουσαν]
1009 3454 1028 3525 ἦ
1042 3472 1128 3524 φησιν
1142 3456 1175 3511 Ρ.

158 3548 192 3562 ·-
214 3523 246 3571 17
265 3519 303 3580 ὡς
318 3517 428 3589 εἴρηται
446 3519 593 3587 προδήλως
610 3520 640 3575 Ρ.
661 3554 694 3563 -
716 3529 748 3577 18
766 3525 883 3589 τούτους
901 3521 975 3580 εἶναι
994 3547 1073 3598 καυχ.
1093 3527 1122 3580 P.
1139 3561 1175 3569 -

157 3593 192 3641 23
212 3587 355 3658 αίσχιστύν
373 3610 402 3644 τε
420 3591 469 3644 καί
487 3591 517 3644 Ρ.
