2617 3909
166 225 232 290 326
477 225 663 278 Γαοοοιοε
681 226 863 278 αοακιεου

166 376 400 457 περιβεβλῆσθαι
420 374 537 436 ἔλαττον
556 373 648 435 αύτού
668 371 844 436 ὑπώπτευον
861 367 938 434 εἶναι
956 370 1047 435 ούδὲν
1066 371 1186 435 ούδέπω
1284 455 1285 462 ρ

167 484 227 535 τῶν
249 472 425 555 ἀπορρήτων
447 472 556 545 εἰδότες
578 471 707 534 ἐκείνων.
754 469 865 553 συνέβη
888 469 920 532 δὲ
942 470 991 532 καὶ
1015 473 1187 551 βαπτισθῆ-

167 596 218 633 ναι
241 570 332 633 αύτδν
354 569 434 651 παρὰ
453 563 609 650 Ἰωάννου,
637 570 710 650 ὅπερ
738 574 847 649 μᾶλλον
871 568 1008 650 ἐβεβαίου
1031 569 1088 648 τήν
1112 568 1187 632 ύπό-

167 693 254 731 νοιαν
280 669 400 746 ταύτην.
445 668 588 747 ἐννόησον
615 677 691 748 γοῦν
718 664 822 746 ήλίκον
849 659 888 746 ήν
917 667 992 728 ἰδεῖν
1019 665 1188 749 άνθρωπον

141 787 153 828 ο
168 767 239 846 μετὰ
256 767 307 845 ἔτη
325 761 355 827 λ’
374 765 504 847 φοβερὸν
522 764 582 827 ἀπδ
603 774 658 845 τής
680 764 792 847 ἐρήμου
810 765 1037 844 καταβαίνοντα,
1056 767 1189 844 βαθείαν

167 863 221 944 μὲν
238 865 294 943 τήν
312 862 434 943 ὑπήνην
452 863 565 944 ἔχοντα,
583 860 750 945 μειζοτέραν
769 861 801 924 δέ
819 862 875 942 τήν
892 862 1000 943 κόμην,
1018 861 1070 923 καί
1087 863 1188 943 τρίχας

166 961 307 1042 καμήλων
335 960 538 1041 ήμφιεσμένον
567 959 617 1022 καί
644 970 703 1021 τῶν
731 959 935 1041 ἀνθρωπίνων
963 959 1111 1041 μηδέποτε
1141 961 1188 1022 δε-

167 1058 288 1138 ηθέντα.
333 1059 383 1121 καί
409 1059 465 1142 γὰρ
493 1051 532 1138 ήν
563 1058 739 1137 θαυμαστὸν
770 1056 846 1139 όίγαν
878 1057 928 1120 καὶ
954 1059 1128 1140 παράδοξον
1156 1058 1188 1120 ἐν
1286 1101 1287 1140 3

166 1155 344 1242 ἀνθρωπείῳ
367 1158 480 1237 σάματι
501 1157 655 1239 καρτερίαν
673 1156 820 1236 τοσαύτην
844 1156 929 1236 ἰδεῖν,
952 1153 968 1218 δ
988 1155 1026 1235 δή
1046 1156 1187 1230 καὶτοὺς
1286 1189 1287 1194 1

126 1276 153 1316 1⁰
164 1249 328 1329 Ἰουδαίους
363 1255 510 1334 ἐφείλκετο
547 1259 659 1333 μᾶλλον
694 1253 746 1315 τὸν
784 1253 875 1336 μέγαν
903 1247 1008 1316 Ἡλίου
1041 1252 1073 1315 ἐν
1109 1253 1190 1338 αύτῷ

167 1351 328 1433 βλέποντας
354 1352 500 1434 καὶπρὸς
526 1351 582 1431 τήν
607 1351 722 1413 ἐκείνου
748 1351 870 1432 μνήμην
896 1350 1189 1433 παραπεμπομένους

167 1449 199 1512 ἐκ
216 1459 276 1512 τῶν
295 1448 453 1531 δρωμένων
471 1449 543 1530 τότε,
562 1453 672 1530 μᾶλλον
693 1448 725 1512 δὲ
743 1449 793 1510 καί
811 1450 885 1532 πρὸς
899 1450 1039 1529 ἔκπληξιν
1056 1451 1186 1528 μείζονα.

167 1548 277 1622 ἐκεῖνος
300 1546 354 1628 μὲν
376 1548 431 1631 γὰρ
454 1548 487 1610 ἐν
509 1548 610 1610 πόλεσι
632 1547 682 1609 καί
705 1548 737 1609 ἐν
756 1548 865 1620 οἰκίαις
887 1545 1022 1630 ἐτρέφετο
1045 1549 1189 1622 πολλάκις

167 1647 221 1726 τήν
248 1645 356 1724 κοινὴν
382 1646 499 1726 τροφήν
526 1646 651 1725 ταύτην,
679 1638 767 1719 οὗτος
794 1643 826 1706 δέ
852 1645 908 1723 τήν
935 1645 1046 1726 ἔρημον
1073 1641 1189 1729 ᾤκησεν

127 1764 153 1804 ιο
168 1741 200 1804 ἐκ
222 1743 401 1825 σπαργάνων
423 1743 523 1805 αὐτῶν
545 1738 585 1804 δι’
611 1743 682 1805 ὅλου
709 1753 769 1804 τῶν
796 1741 999 1824 ἀνθρωπίνων
1022 1743 1190 1824 βρωμάτων

167 1863 197 1901 τε
215 1839 265 1902 καί
282 1840 423 1920 πομάτων
441 1839 673 1922 ἀπηλλαγμένος.
710 1841 784 1903 ὅθεν
803 1840 897 1920 φησὶν
916 1840 931 1903 ὁ
950 1841 1066 1922 κύριος·
1090 1833 1189 1920 ήλθεν

164 1931 307 2018 Ἰωάννης
329 1938 362 2000 ἐν
385 1936 444 2023 ὁδῷ
465 1939 658 2017 δικαιοσύνης
680 1939 751 2018 μήτε
774 1938 886 2000 ἐσθίων
910 1938 980 2018 μήτε
1003 1938 1111 2000 πίνων.

473 2130 524 2215 [ε’.
557 2132 648 2214 Περὶ
670 2129 880 2214 Κλαυδίου]

234 2257 323 2320 Μετά
350 2256 383 2320 δέ
406 2260 499 2320 Γάϊον
527 2258 693 2339 ἐβασίλευσε
716 2258 867 2330 Κλαύδιος
895 2258 943 2338 ἐτη
967 2255 1021 2339 ιγ’,
1049 2257 1101 2319 καὶ
1130 2282 1189 2338 φο-

128 2378 154 2418 80
168 2357 275 2429 νεύσας
297 2355 367 2430 τούς
390 2361 494 2435 φονεῖς
514 2357 610 2417 Γαΐου
632 2353 769 2440 ἀνηρέθη
782 2355 851 2416 ’ύπδ
875 2365 927 2435 τῆς
946 2356 1024 2429 ίδίας
1042 2356 1189 2436 γυναικὸς

168 2455 323 2539 φαρμάκῳ.
369 2448 417 2533 ἐφ’
444 2446 481 2516 ού
501 2447 638 2533 Ἰάκωβος
662 2452 678 2515 δ
701 2453 862 2533 Ζεβεδαίου
892 2453 1109 2536 ἐμαρτύρησεν,
1137 2453 1190 2515 καί

168 2552 274 2631 Σίμων
296 2550 312 2613 ό
337 2552 429 2632 μάγος
454 2550 698 2631 ἀντιτασσόμενος
721 2549 824 2635 Πέτρῳ
849 2550 994 2630 δεινότητι
1018 2551 1115 2632 λόγων
1138 2552 1191 2613 καί

168 2651 291 2730 μαγείας
313 2646 411 2733 ἀπάτη
434 2650 582 2730 χριόμενος
604 2646 777 2731 ἀντεφέρετο
799 2650 942 2731 γενναίως
964 2654 1026 2723 τοῖς
1049 2648 1110 2710 ύπδ
1134 2659 1190 2712 τοῦ

239 2878 318 2927 4-5
338 2871 435 2940 chrys.
449 2873 479 2925 in
494 2872 595 2927 Matth.
606 2872 631 2925 x
644 2891 685 2942 cp.
697 2879 713 2927 8
727 2873 823 2944 Migne
839 2878 897 2927 188.
914 2905 947 2914 -
966 2878 1055 2926 8-18
1070 2875 1106 2929 ω.
1119 2881 1190 2944 0114

168 2945 265 3016 Migne
285 2948 344 2998 188.
364 2975 399 2983 -
419 2949 451 2997 18
471 2943 571 2999 Matth.
588 2949 630 3012 11,
646 2950 679 2999 18
698 2945 763 2998 Luc.
780 2949 805 3012 τ,
820 2949 863 2998 88.

239 3138 253 3186 1
275 3128 407 3185 ἐλάττονα
425 3129 476 3184 RV
486 3129 547 3184 chr.
567 3162 600 3171 -
629 3128 789 3185 ύπόπτευου
807 3129 889 3185 ΑΟΜ
911 3131 1077 3186 ὑποπτεύων
1095 3131 1128 3185 Β.
1153 3164 1190 3172 -

169 3207 221 3257 2.3
241 3202 271 3258 δέ
291 3202 378 3257 αύτδν
398 3202 447 3256 καί
466 3203 659 3273 βαπτισθῆναι
677 3201 731 3254 AL.
758 3233 791 3241 —
815 3201 939 3274 ὃπαρά]
958 3202 1013 3257 ύπὺ
1032 3201 1131 3256 Achx.
1153 3235 1189 3244 -

168 3279 185 3326 4
199 3268 251 3329 σύν
264 3272 383 3328 AOMR.
399 3304 433 3313 —
448 3279 464 3327 8
479 3272 553 3343 ἀγαν
567 3289 616 3328 om.
630 3270 721 3326 cchr.
737 3305 771 3313 —
786 3279 801 3326 9
817 3270 971 3346 ἀνθρωπίφ
981 3271 1055 3327 AOF
1070 3275 1190 3342 ἀνθρω-

167 3340 242 3416 πίνῳ
260 3343 362 3398 Mchr.
377 3375 411 3384 -
432 3350 465 3397 10
483 3339 567 3412 ήλίαν
584 3341 721 3397 BOFRV.
737 3376 771 3385 -
791 3349 824 3398 14
842 3345 946 3413 ταύτην
964 3343 1074 3414 τροφήν
1093 3345 1149 3399 AF.

242 3533 275 3580 18
293 3527 346 3597 γάρ
365 3528 414 3582 καί
433 3527 463 3581 ἐν
481 3524 576 3580 Pchr.
596 3557 629 3566 —
654 3532 868 3667 23-γγιὴ327ὢ
887 3525 1022 3600 γενναίως
1040 3529 1185 3600 συνκλήμη

169 3600 208 3668 τῷ
222 3594 335 3671 βωμαίῳ
353 3595 424 3669 λόγῳ
443 3595 669 3664 πεπαιδευμένος
688 3599 719 3650 uz
777 3619 790 3660 ς
808 3599 900 3667 ἀκρως
918 3603 973 3654 κτί.
993 3601 1059 3670 (rell.
1075 3603 1138 3672 om.)
1153 3601 1187 3656 P.
