2617 3909
177 214 242 280 358
492 217 679 269 ΓΕΩΡΙἾΟΤ
697 217 880 268 ΜΟΝΑΧΟΤ

175 367 326 428 παιδεύων
349 366 425 444 ἔθνη
448 363 497 425 καλ
521 365 670 427 διδάσκων
688 363 853 447 άνθρωπον
870 374 989 446 γνῶσιν.
1034 363 1143 447 διόπερ
1163 362 1201 426 ού

177 465 270 543 μόνον
288 464 450 545 Σωκράτης
472 462 522 524 καί
540 465 669 525 Πλάτων
691 463 741 525 καί
763 461 846 524 άλλοι
869 461 946 538 τινὲς
959 473 1025 532 τῶν
1042 457 1201 541 Ἑλλήνων
1282 486 1283 562 χ

176 563 228 625 τὸν
251 561 356 624 άδικον
379 561 570 642 ἔβδελύξαντο
594 563 677 642 βίον,
704 561 777 623 ἀλλὰ
800 561 849 623 καλ
872 561 975 624 πολλοί
997 571 1057 622 τῶν
1080 562 1201 642 βαρβά-
1282 571 1283 594 ¹

176 685 246 742 ρων.
297 660 347 722 καλ
378 659 434 741 γὰρ
465 659 535 734 τούς
562 653 808 741 Ἵλιερβορραίους
840 661 932 723 οἰκεῖν
964 657 1018 740 μὲν
1050 657 1130 740 ὑπὲρ
1163 659 1202 720 τὰ

150 755 288 820 εῬίπαια
311 757 366 839 όρη
389 758 496 836 φασίν,
524 755 625 819 ἀσκεῖν
649 756 681 820 δὲ
704 759 899 837 δικαιοσύνην
923 759 963 839 μὴ
986 768 1201 841 κρεοφαγοῦν-

176 878 228 930 τας
251 849 313 917 ἀλλ’
334 854 512 936 ἀκροδρύοις
534 854 584 916 καλ
606 857 696 917 ύδασι
719 855 899 937 χρωμένους
930 855 1074 931 καὶτοὺς
1097 861 1200 938 Βραχ-

175 955 271 1033 μάνας
293 953 326 1014 ἰν
348 959 412 1026 ταῖς
434 954 519 1027 ύλαις
544 953 657 1035 διάγειν
680 953 804 1031 φύλλοις
827 953 858 1014 τὸ
883 963 966 1033 σῶμα
988 953 1199 1027 καλύπτοντας
1283 987 1284 1002 1

174 1050 224 1113 καλ
255 1049 329 1133 ὑπὲρ
361 1050 525 1133 άνθρωπον
560 1050 733 1125 ἀσκοῦντας.
788 1051 838 1112 καί
866 1047 1042 1134 Ἀνάχαρσιν
1075 1049 1109 1113 δὲ
1143 1051 1199 1113 τόν

174 1151 305 1229 Σκύθην
333 1150 500 1229 φιλόσοφον
526 1155 704 1232 γεγενῆσθαι
727 1147 877 1231 λέγουσιν,
906 1148 956 1210 καί
980 1151 1075 1222 ούτως
1098 1149 1197 1211 αὐτὸν

135 1245 191 1308 ιοδ
223 1257 276 1327 της
307 1248 487 1326 φιλοσοφίας
513 1247 586 1329 ἔρως
612 1247 778 1328 ἐκύρωσεν,
811 1244 852 1320 ὡς
878 1244 1115 1326 ὀνομαστότατον
1145 1247 1199 1308 διδι

174 1345 287 1425 πολλὴν
310 1344 436 1424 ἀσκησιν
465 1344 515 1406 καί
537 1344 739 1425 σωφροσύνην
761 1342 908 1425 γενέσθαι.
955 1345 992 1406 ού
1016 1344 1073 1427 γάρ
1098 1346 1197 1424 μόνον

174 1444 343 1526 ἕγρηγορῶν
365 1443 440 1525 πρὸς
461 1442 498 1503 τὰ
519 1451 572 1522 τῆς
595 1452 696 1523 ψυχῆς
719 1442 875 1524 ἠγωνίζετο
894 1443 981 1522 πάθη
1000 1452 1125 1504 σιωπῶν
1144 1443 1197 1505 καί

173 1539 341 1622 ἡσυχάζων,
369 1541 442 1602 ἀλλὰ
468 1540 519 1602 καλ
545 1541 705 1602 καθεύδων
731 1540 767 1601 τὰ
796 1549 848 1619 της
871 1540 1037 1622 ἐγκρατείας
1059 1542 1112 1602 καὶ
1137 1561 1196 1604 σω-

173 1640 328 1719 φροσύνης
350 1639 458 1716 ἐδήλου
481 1645 594 1717 σημεῖα.
640 1639 742 1700 εἰώθει
762 1638 818 1720 γάρ
836 1647 871 1724 τῇ
892 1636 945 1717 μὲν
967 1643 1037 1723 λαιᾷ
1060 1639 1136 1720 χειρὶ
1154 1639 1191 1701 τὰ

134 1755 160 1795 τε
173 1733 436 1817 αἰδοίακατὲχειν,
459 1746 494 1821 τῇ
518 1737 600 1820 δεξιᾷ
622 1735 654 1798 δὲ
677 1736 713 1797 τὰ
734 1737 814 1817 χείλη
837 1735 970 1817 συνέχειν
988 1735 1193 1816 ύπεμφαίνων

173 1832 214 1908 ὡς
240 1839 337 1918 πολλῷ
361 1833 460 1914 μεῖζόν
487 1834 565 1895 ἔστιν
591 1831 611 1913 ἡ
639 1833 753 1916 ἀγωνία
781 1843 833 1913 τῆς
859 1835 988 1916 γλώττης
1015 1834 1066 1895 καλ
1089 1840 1193 1898 πλεῖον

172 1931 343 2014 ἐπικουρίας
375 1933 416 2007 εἰς
448 1931 612 2010 ἀσφάλειαν
644 1933 743 1993 δεῖται.
794 1931 844 1993 καί
874 1931 927 1993 τὸν
957 1932 1127 2015 Χειροόνιον
1162 1932 1193 1995 δὲ

173 2030 334 2114 κένταυρον
363 2033 530 2112 ἱστοροῦσιν
545 2025 690 2109 Ἕλληνες
713 2031 906 2109 δικαιοσύνης
927 2029 977 2091 καί
1000 2028 1122 2112 ἁγνείας
1146 2055 1193 2114 γε·

172 2128 279 2192 νὲσθαι
302 2130 489 2209 διδάσκαλον,
513 2126 553 2201 ὡς
575 2126 625 2188 καλ
640 2123 772 2209 Ὅμηρος
793 2133 936 2208 μαρτυρεῖ
949 2137 1055 2189 τοῦτον
1075 2129 1190 2194 δικαιό-

133 2245 159 2286 οο
172 2236 260 2288 τἀτον
281 2226 448 2306 πεφηνέναι
465 2226 634 2307 κενταύρων
653 2224 704 2286 διὰ
722 2225 835 2304 πολλὴν
854 2225 1011 2304 δήπουθεν
1029 2228 1189 2308 καρτερίαν

172 2326 222 2386 καί
253 2325 422 2407 ἐγκράτειαν
453 2322 503 2385 καλ
534 2323 668 2403 σώματος
701 2323 904 2404 δουλαγωγίαν
935 2321 984 2383 καί
1021 2324 1193 2407 σύμμετρον

245 2511 277 2561 19
296 2507 406 2561 Homer.
421 2505 452 2560 Il.
467 2504 514 2574 XI,
529 2509 589 2558 831.

244 2671 261 2718 4
278 2664 482 2748 ύπερχίοραίους
500 2664 579 2719 FMV
596 2672 621 2719 et
634 2665 660 2717 A
674 2669 735 2718 m.1
750 2680 818 2719 σοιν.
833 2661 1022 2734 ύπερβορέους
1035 2664 1058 2716 Β
1074 2671 1100 2719 et
1118 2681 1191 2718 rece.

173 2737 297 2805 quidam,
317 2736 368 2789 ahi
385 2734 597 2807 όπερβορρέους.
618 2768 652 2775 -
672 2741 687 2789 5
707 2731 827 2806 δίπεαΒ
846 2731 927 2806 δίπια
940 2736 966 2788 A
984 2731 1087 2803 δίπιιια
1102 2735 1136 2788 R.
1157 2767 1194 2776 —-

173 2806 293 2862 θύδασι
311 2807 359 2860 ΑΡ
380 2806 464 2861 όδατι
486 2807 545 2862 rell.
574 2839 610 2847 —
638 2805 841 2878 βραχμᾶναςθ
866 2808 920 2877 βρα
939 2805 1045 2875 μάνους
1063 2805 1131 2860 Exo.
1157 2839 1194 2847 -

175 2885 208 2932 14
227 2877 312 2934 εἰωθε
329 2878 387 2931 BF.
408 2910 442 2918 -
469 2883 501 2931 16
521 2875 619 2946 μείζων
638 2877 700 2932 cM.
721 2910 755 2918 —
778 2875 908 2939 πλείονος
922 2827 982 2930 ἰίΜ
1005 2876 1142 2940 πλειόνως
1160 2879 1191 2931 F.

173 2982 208 2990 -
228 2956 260 3004 1⁷
279 2947 419 3020 χειρόνιον
438 2948 553 3004 CDEM
572 2947 761 3020 χειρόνειονΙι
780 2958 914 3020 χερῶνιον
933 2948 955 3001 Ρ
977 2945 1098 3019 χείρωνα
1117 2966 1190 3004 rece.

173 3022 290 3090 quidam
311 3017 425 3108 χείρονα
443 3020 465 3073 F
483 3037 554 3077 rece.
573 3021 631 3075 alii.
656 3052 691 3080 -,
713 3025 748 3074 20
766 3019 959 3087 xt‘vwvoovF
986 3019 1103 3074 πάντων
1127 3040 1191 3075 κεν-

172 3092 284 3160 ταύρων
299 3091 321 3144 ἰι
339 3109 389 3146 om.
404 3093 434 3145 L.

245 3249 259 3296 1
283 3245 350 3298 Post
372 3253 475 3313 γνῶσιν
496 3244 518 3297 Ρ
541 3244 620 3298 add..⁸
647 3244 701 3299 ἐνῶ
724 3242 752 3297 οἰ
774 3243 917 3312 θησαυρολ
941 3249 990 3311 τῆς
1014 3239 1116 3310 σοφίας
1139 3243 1190 3296 καί

171 3324 221 3384 τῆς
238 3315 364 3383 γνώσεως
381 3313 544 3383 ἀπόκρυφοι
563 3314 631 3383 (001.
647 3321 672 3381 2,
688 3317 722 3385 3).
742 3346 777 3354 —
796 3319 812 3367 ό
831 3313 867 3382 μὴ
886 3331 1020 3382 κρεοφαχ.
1036 3309 1053 3382 ἣ
1072 3313 1189 3367 οἰνοπο-

172 3392 291 3447 τοῦντας
309 3385 338 3438 Ρ.
362 3417 397 3425 ·-
421 3391 452 3438 11
473 3383 606 3453 γενέσθαι
629 3385 678 3438 καλ
696 3384 774 3451 παρά
792 3393 879 3439 πᾶσιν
898 3381 1029 3452 ἀοίδιμον
1048 3382 1186 3439 PTheod.

174 3484 208 3493 -—
234 3459 268 3507 14
291 3454 386 3509 εἰώθει
409 3454 459 3523 μὲν
482 3454 535 3523 γάρ
562 3473 577 3506 τ
623 3452 817 3524 λαιακατίχειν
845 3454 880 3508 τά
903 3454 1000 3510 αἰδοῖα
1027 3453 1124 3508 πλάτει
1151 3461 1186 3521 τῆ

174 3524 246 3591 χειρλ
264 3523 293 3577 P.
313 3557 348 3564 -
372 3530 405 3578 16
424 3525 532 3593 πλεῖον]
550 3527 675 3592 μειζονος
693 3523 828 3578 PTheod.
849 3555 883 3565 —
907 3530 940 3578 18
959 3529 1134 3595 γεγενεῑσθαι
1154 3524 1185 3577 Ρ.

175 3623 211 3631 ——
229 3599 261 3646 21
282 3593 446 3663 ἐγκράτειάν
464 3612 493 3646 τε
511 3594 559 3646 καλ
578 3592 607 3645 P.
