2617 3909
530 224 719 280 XPONIKON
926 294 928 299 ,
1062 229 1128 295 235

115 375 377 454 Λακεδαιμονίους
401 375 527 454 νικήσας
553 385 588 460 τῇ
616 375 684 456 ἑξῆς
710 376 804 457 ὤφθη
831 383 892 451 τοῖς
918 379 1017 456 φίλοις
1038 401 1129 458 κατη-

113 473 176 552 φής
207 472 258 533 καλ
286 474 418 555 στυγνός.
464 483 523 534 τῶν
551 471 583 534 δὲ
609 473 833 555 ίρωτησοίντων,
866 475 906 555 μή
939 501 967 537 τι
994 476 1128 559 λυπηρὸν

114 570 239 652 συνέβη,
260 571 450 652 ἀπεκρίνατο·
470 570 546 653 ούχί,
569 573 675 652 φησίν,
695 571 769 634 ἀλλὰ
788 571 859 654 χθὲς
876 568 1019 660 ήσθόμην
1037 574 1128 654 ἕμαυ·

112 668 166 730 τὸν
189 672 289 748 μεῖζον
311 667 331 750 ή
355 674 451 743 καλῶς
471 669 546 750 ἔχειν
565 669 765 751 φρονήσαντα.
803 671 850 732 διὸ
869 672 998 752 σήμερον
1015 673 1127 746 κολάζω

111 765 169 846 τήν
200 765 339 848 ἀμετρίαν
370 776 423 846 τῆς
454 777 545 849 χαρᾶς
576 767 626 829 καὶ
658 770 745 848 νίκης
776 768 932 849 ἕκονσίως,
963 769 1069 849 μήπως
1095 769 1129 832 ίκ
1155 792 1167 832 ι

111 865 221 944 ταύτης
243 865 285 939 εἰς
308 865 407 944 λύπην
429 864 480 927 καί
501 857 593 944 ήτταν
615 865 759 927 ἀκούσιον
781 867 960 945 καταντήσω.
999 866 1049 927 καὶ
1071 866 1128 948 γὰρ

110 973 171 1035 πᾶς
194 961 211 1024 ὁ
233 961 324 1041 ύψῶν
346 962 452 1026 ἑαυτὸν
474 964 738 1043 ταπεινωθήσεται,
762 961 778 1024 ὁ
801 961 833 1025 δὲ
855 974 1003 1025 ταπεινῶν
1021 963 1127 1026 ἑαυτὸν

111 1060 318 1140 ὑψωθήσεται.

416 1145 478 1231 [ιζ’.
511 1149 600 1231 Περί
623 1147 828 1231 Μανασσῆ]

179 1273 268 1336 Μετὰ
292 1272 324 1336 δὲ
345 1267 477 1348 Ἐζεκίαν
500 1273 668 1355 ἐβασίλευσε
687 1279 858 1354 Μανασσῆς
881 1274 947 1347 υίὸς
965 1273 1058 1335 αύτοῦ
1077 1274 1167 1338 καίεο

111 1372 232 1450 ἐποίησε
255 1371 288 1433 τὸ
311 1371 445 1453 πονηρὸν
462 1371 591 1434 ἐνώπιον
609 1374 716 1453 κυρίου
734 1372 784 1435 καί
802 1371 935 1434 ἀπέθανε
953 1374 1127 1453 βασιλεύσας

109 1470 161 1548 ἔτη
185 1467 238 1530 νε’.
285 1466 318 1543 ὃς
345 1469 593 1551 παρανομώτατος
619 1468 695 1551 ὑπὲρ
722 1472 834 1545 πάντας
861 1470 930 1544 τοὺς
957 1469 1127 1551 ἔμπροσθεν

109 1567 205 1630 αὐτοῦ
228 1567 385 1649 γενόμενος
413 1565 461 1628 ἕπλ
488 1568 685 1653 εἰδωλομανίρι
710 1591 740 1630 τε
768 1567 818 1630 καί
845 1570 1054 1654 αίματεκχνσίρι
1077 1568 1127 1630 καλ

9 1693 10 1696 ’
109 1665 163 1727 τὸν
195 1665 286 1747 μέγαν
309 1660 436 1726 Ἡσαΐαν
468 1667 575 1748 πρίσας
606 1665 656 1728 καὶ
689 1666 744 1745 τήν
770 1661 963 1748 Ἰερουσαλήμ
994 1667 1127 1746 αίμοίτων

109 1761 225 1848 ἄθηλον
247 1763 405 1844 πληρώσας
428 1762 482 1844 ούχ
503 1756 592 1843 ήττον
611 1764 840 1845 εἰδωλολάτρησε
858 1773 919 1825 τῶν
933 1758 1126 1846 Ἀμορραίων.
1141 1788 1166 1828 ιι

109 1860 161 1924 καλ
189 1860 287 1941 μέντοι
317 1860 366 1922 καὶ
394 1862 446 1924 τὸν
474 1856 558 1924 οίκον
585 1864 691 1943 κνρίου
718 1862 923 1941 καταμολύνας
950 1861 1000 1923 καί
1027 1885 1127 1942 τετρα-

107 1959 271 2041 πρόσωπον
298 1960 421 2021 εἴδωλον
448 1969 501 2021 τοῦ
524 1959 597 2032 Διὸς
620 1959 652 2022 ἐν
680 1959 759 2042 αύτῷ
784 1958 893 2037 στήσας
920 1959 957 2021 ού
984 1958 1126 2020 διέλειπεν

108 2057 317 2137 οἰωνιζόμενος
348 2055 399 2118 καλ
431 2058 631 2140 φαρμακεύων
662 2056 713 2118 καλ
749 2058 952 2137 αλσχρουρχῶν
983 2056 1033 2117 καὶ
1065 2067 1126 2117 πᾶν
1139 2083 1179 2122 ιω
1194 2081 1224 2120 ιι.

108 2150 190 2228 εἶδος
211 2156 317 2228 κακίας
340 2147 409 2234 μεθ’
433 2153 599 2237 ύπερβολής
623 2153 878 2235 διαπραττόμενος.
915 2153 963 2215 διὸ
985 2152 1035 2215 καί
1053 2152 1127 2213 κατὰ

108 2254 200 2314 θείαν
223 2249 315 2335 ὀργήν
338 2251 522 2332 συλληφθεὶς
547 2250 606 2314 ύπὸ
628 2250 778 2334 Μαροδὰχ
801 2249 943 2331 βασιλέως
962 2244 1127 2331 Ἀσσυρίων
1140 2276 1167 2315 ιο

110 2349 230 2429 δέσμιος
261 2351 303 2424 είς
319 2350 444 2429 ΙΝινευὴ
474 2350 531 2430 τὴν
558 2348 645 2410 πόλιν
673 2349 854 2429 αἰχμάλωτος
881 2346 1015 2428 ἀπήχθη.
1060 2346 1126 2429 περὶ

110 2441 149 2510 ού
177 2466 253 2527 φησι
279 2447 329 2509 καί
353 2442 510 2528 Ἰώσηπος,
539 2447 583 2508 ὅτι
610 2445 794 2525 συλληφθεὶς
821 2445 881 2507 ὑπὸ
908 2455 962 2507 τοῦ
985 2444 1127 2526 βασιλέως

105 2541 281 2627 Ἀσσυρίων,
304 2544 354 2606 καί
376 2551 494 2626 χαλκοῖς
516 2545 634 2624 δεσμοῖς
652 2543 745 2606 αύτὸν
763 2543 924 2623 ὑποβαλὼν
942 2543 1126 2624 αἰχμάλωτον

184 2731 199 2779 θ
218 2726 283 2780 Luc.
300 2731 400 2792 14,11.
420 2757 453 2766 -
476 2730 578 2779 10-21
598 2726 632 2793 cf.
649 2723 768 2793 Syncell.
779 2741 809 2794 p.
824 2730 885 2779 403.
906 2756 940 2765 —
960 2730 992 2779 21
1012 2725 1125 2796 Joseph.

109 2798 176 2852 Ant.
196 2797 229 2867 X,
243 2804 277 2851 41
288 2813 342 2866 sqq.

110 2963 219 3026 -6μ
220 2955 305 3025 ήποτε
323 2955 412 3010 N.-
432 2960 466 3010 10
485 2959 646 3025 μαννασσής
663 2955 739 3009 FHV
757 2957 799 3026 (ιίι
815 2955 840 3009 V
859 2957 899 3011 lit
913 2958 993 3026 corr.)
1017 2977 1126 3025 μαννα-

108 3028 255 3097 σήςΙι.-
275 3026 530 3091 ὁυίὸςἙἮΒμ-
549 3027 1126 3120 1210131Mn0ss1m0mmmmm

107 3098 188 3167 ύπαρ
207 3120 246 3154 ων
260 3099 307 3155 ἐπὶ
321 3099 372 3154 είὸ.
388 3099 467 3153 codd.
478 3097 701 3168 praeterAPoe-
667 3103 750 3152 14
764 3100 813 3152 καλ
826 3098 921 3167 τήν-
933 3104 966 3153 16
980 3099 1127 3167 πληρώσας

227 3177 315 3226 -16
330 3166 498 3240 ἀμωρραίων
513 3169 534 3223 Ρ
553 3167 718 3239 ἀμμοραίων
731 3169 817 3223 Β
837 3174 870 3223 17
889 3167 1013 3223 διέλιπεν
1026 3168 1126 3225 ΑΒΕἾι

108 3189 224 3297 RV—
248 3247 280 3296 21
301 3242 391 3297 νινενλ
408 3239 583 3294 ABCFLPR
605 3241 703 3310 νηνευλ
721 3240 751 3293 Μ
773 3247 876 3309 νηνευή
895 3240 983 3294 Η.-
1008 3244 1041 3293 23
1060 3243 1125 3310 χ-αλ

109 3315 215 3438 ηοῖςδ,
234 3312 499 3438 κχὲυποβληθελς(
499 3308 568 3379 παρ’
590 3313 678 3366 αὑτοῦ
700 3311 874 3384 ὑποβληθείς
893 3311 929 3382 Β)
955 3311 1127 3381 αἰχμάλωτος

131 3383 228 3456 τίτθη

184 3536 313 3604 Βάπεκρ
316 3532 395 3590 ίνατο
424 3552 475 3590 om.
496 3533 652 3588 PIsid.-—
677 3533 881 3602 3ἐμαυτοῦ-
892 3532 1127 3602 4φρονήοαντος

110 3607 269 3662 PIaid—
288 3613 320 3661 21
341 3605 493 3677 δέσμιος-
504 3611 538 3659 23
555 3601 705 3673 Ἀσσυρίων
723 3621 774 3659 om
789 3604 863 3659 Ρεω
880 3605 1031 3660 λοιποιολιλ.
