2617 3909
145 228 233 277 LXVI
551 224 753 275 PRAEFATIO

146 372 198 453 χὸς
227 381 286 433 τῶν
319 370 501 433 ἀνατολικῶν
533 375 599 433 erat
631 374 905 448 concitaveratque,
938 390 1006 430 cum
1036 369 1169 429 Artemii

145 465 279 541 partium
302 464 392 536 esset,
421 464 525 521 contra
548 461 749 521 Theodosium
776 460 966 537 seditionem,
989 460 1026 519 de
1048 459 1170 519 foedere

145 552 281 611 faciendo
304 552 433 625 misisse,
463 550 569 609 deinde
592 551 693 626 ipsum
715 549 844 609 Leonem
867 552 1080 625 imperatorem
1103 568 1169 609 esse

144 642 358 700 renuntiatum.
404 640 470 699 Iam
499 642 531 698 in
554 641 588 714 P,
619 642 781 715 postquam
809 640 880 697 anni
907 638 1016 699 Leonis
1045 638 1169 714 imperii

144 730 271 790 indicati
289 731 366 804 sunt,
386 732 539 789 narratur:
563 726 579 789 ὁ
600 718 656 789 οὖν
670 727 842 806 Μάσαλμας
860 726 893 788 ἐν
911 735 947 811 τῇ
968 720 1051 810 Ἀσία
1069 748 1167 808 reopa-

143 817 282 898 χειμάσας
309 814 451 895 ἐξεδέχετο
478 814 531 890 τὰς
558 825 611 877 τοῦ
635 814 768 889 Λέοντος
797 814 977 896 ὑποσχέσεις.
1015 812 1110 895 μηδὲν
1133 812 1167 875 δὲ

144 902 214 988 παρ’
236 905 329 967 αὐτοῦ
349 906 506 985 δεξάμενος
524 904 574 966 καὶ
592 905 685 987 γνοὺς
703 905 749 967 ὅτι
766 904 940 985 ἐνεπαίχθη,
963 903 1019 982 τὴν
1032 899 1167 983 ’Ἄβυδον

143 994 318 1075 καταλαβὼν
336 993 386 1055 καὶ
404 992 600 1075 ἆντιιτεοάσας
619 995 692 1057 λαὸν
705 992 828 1075 ἄπειρον
842 993 892 1054 καὶ
910 992 986 1075 πρὸς
1004 992 1059 1072 τὴν
1077 993 1168 1055 πόλιν

143 1084 306 1165 ἐξορμήσας
320 1084 428 1167 γράφει
442 1083 517 1166 πρὸς
530 1089 702 1163 Σοολειμᾶν
713 1083 766 1146 τὸν
778 1084 1050 1165 πρωτοσύμβουλον
1064 1081 1167 1143 ἐλθεῖν

143 1172 176 1234 ἐν
199 1174 277 1254 τάχει
305 1172 376 1253 μετὰ
405 1182 458 1235 τοῦ
486 1173 591 1235 στόλου
620 1175 659 1235 ad
686 1175 811 1234 verbum
840 1174 902 1233 fere
926 1193 961 1231 ex
984 1174 1169 1249 Theophane

142 1284 171 1341 p.
192 1266 266 1339 395,
287 1266 402 1341 13sqq.
449 1264 577 1339 Iladem,
607 1282 685 1339 quae
718 1265 822 1323 statim
851 1266 920 1340 post
950 1265 1121 1338 susceptum
1150 1282 1168 1321 a

142 1353 241 1413 Leone
268 1354 428 1429 imperium
456 1355 523 1412 acta
552 1372 614 1413 esse
641 1355 874 1413 consentaneum
902 1354 960 1426 est,
987 1352 1019 1409 in
1041 1352 1167 1427 reliquis

142 1443 228 1502 libris
251 1445 326 1501 mire
348 1444 381 1500 in
403 1441 461 1501 line
484 1442 604 1518 imperii
632 1434 767 1521 (fabulae
790 1444 910 1501 tuntum
936 1440 1099 1500 nonnullae
1122 1459 1167 1500 se-

144 1523 290 1613 quuntur)
313 1534 383 1607 post
404 1534 533 1590 mortem
552 1531 671 1589 demum
694 1532 883 1607 imperatoris
903 1532 1169 1589 commemoratam

141 1623 311 1679 narrantur.
358 1619 394 1677 In
418 1638 476 1696 quo
500 1639 559 1678 non
584 1620 736 1695 Saraceni,
762 1620 834 1695 quia
856 1620 960 1679 foedus
983 1620 1082 1677 facere
1104 1638 1168 1678 non

143 1710 325 1787 contigisset,
345 1708 494 1785 progressi
514 1728 576 1769 esse
594 1708 744 1784 dicuntur,
763 1710 815 1769 sed
836 1710 1026 1768 enuntiatum
1043 1708 1168 1785 incipit:

139 1790 172 1858 ‘0
190 1789 246 1858 οὖν
260 1797 432 1875 Messapos
450 1796 554 1870 καθὼς
572 1794 709 1878 ἀνωτέρω
728 1798 842 1878 εἴρηται
859 1796 915 1876 τὴν
928 1792 1062 1876 ’Ἁβαὸον
1076 1819 1169 1857 κατα-

142 1884 242 1966 λαβὼν
264 1884 314 1947 καὶ
337 1883 533 1967 ἄντιττεράσας
551 1908 577 1946 ιι.
593 1908 616 1946 τ.
631 1891 656 1946 λ.
701 1888 806 1963 Neque
824 1906 895 1947 vero
913 1886 1055 1963 Abydum
1075 1887 1167 1946 illum

142 1978 312 2053 pervenisse
336 1979 425 2036 antea
443 1978 592 2052 narratur,
616 1977 669 2036 sed
689 1979 811 2035 tantum
834 1976 873 2035 ad
890 1976 1049 2036 Am01ium
1071 1995 1171 2051 usque

144 2066 312 2143 profectum
325 2066 395 2124 inde
409 2064 513 2125 foedus
530 2066 627 2125 fecere
642 2068 784 2125 conatum
802 2085 873 2125 esse.
911 2066 1049 2143 Apparet
1062 2084 1170 2124 narra-

140 2157 254 2216 tionem
277 2173 330 2214 suo
354 2156 418 2213 loco
441 2158 555 2214 motam
580 2158 610 2213 et
633 2157 782 2214 actionem
805 2155 841 2215 de
864 2174 937 2233 pace
961 2155 1172 2230 componenda.

140 2246 263 2319 initam,
286 2264 323 2304 ne
346 2244 511 2321 deprimis
534 2245 654 2321 imperii
677 2244 764 2303 annis
787 2246 838 2323 agi
860 2245 1055 2304 manifestum
1079 2247 1168 2319 esset,

141 2353 203 2393 esse
221 2336 472 2411 praetermissam.
511 2332 601 2392 Cuius
615 2335 661 2391 rei
679 2353 756 2409 quae
770 2352 862 2393 causa
880 2335 973 2393 fuerit
990 2352 1050 2392 non
1064 2335 1171 2392 minus

141 2423 245 2482 elucet.
279 2422 381 2498 Atque
395 2425 427 2480 in
440 2422 565 2497 reliquis
582 2422 668 2481 libris
683 2425 788 2482 statim
801 2426 871 2501 post
885 2441 1031 2482 annorum
1044 2424 1168 2499 imperii

141 2531 298 2570 numerum
322 2514 499 2571 annotatum
517 2510 622 2569 fabula
640 2512 676 2569 de
696 2512 897 2572 adolescentia
919 2512 1110 2588 imperatoris
1130 2531 1167 2570 ex

141 2600 280 2678 Epistola
294 2600 332 2658 ed
343 2600 544 2675 Theophilum
557 2602 779 2677 imperatorem,
794 2620 871 2677 quae
884 2602 962 2660 falso
976 2600 1031 2661 sub
1044 2602 1170 2660 nomine

142 2688 268 2748 Joannis
291 2688 471 2749 Damasceni
493 2690 590 2749 fertur
614 2682 730 2771 (Migne
752 2690 865 2750 Patrol.
890 2689 992 2749 Graec.
1017 2690 1100 2749 Tom.
1122 2691 1167 2749 95

141 2778 194 2838 col.
216 2769 305 2859 356),
336 2778 513 2855 deprompta
540 2782 695 2855 narratur,
723 2799 800 2855 quae
822 2782 855 2838 in
878 2780 907 2838 P
934 2779 1023 2839 deest.
1070 2779 1167 2854 Haec,

142 2868 320 2944 praesertim
344 2887 404 2943 qua
431 2887 484 2927 cur
510 2870 658 2947 imagines
687 2868 801 2928 deicere
824 2870 884 2929 Leo
909 2887 1065 2947 aggressus
1088 2871 1173 2928 esset

140 2957 358 3030 illustraretur,
381 2956 509 3017 debebat
535 2958 623 3017 initio
647 2959 732 3034 poni,
759 2961 826 3016 tum
854 2976 931 3034 quae
958 2961 1063 3017 contra
1089 2958 1166 3016 ima-

142 3048 247 3123 ginum
266 3047 381 3107 cultum
398 3045 463 3105 fieri
480 3048 602 3106 iusserit
619 3048 681 3122 ille,
700 3047 800 3106 omnia
818 3048 932 3107 scilicet
951 3066 1028 3123 quae
1045 3048 1171 3123 praeter

139 3135 252 3194 bellum
279 3136 356 3194 illud
380 3132 525 3213 Georgius
553 3136 589 3195 de
612 3136 721 3196 Leonis
748 3137 875 3213 imperio
902 3138 1051 3211 narravit,
1079 3138 1167 3211 sequi

141 3228 373 3283 consentaneum
387 3228 459 3285 erat.
495 3224 559 3295 Quo
574 3226 688 3285 factum
702 3228 748 3285 est
761 3228 796 3283 ut
809 3226 846 3285 de
860 3226 1016 3285 Saracenis
1030 3227 1167 3285 narratio

140 3315 173 3371 in
196 3314 337 3372 ultimum
360 3314 459 3374 locum
481 3314 688 3374 transferatur.
734 3314 859 3373 Accedit
882 3315 963 3391 quod
985 3317 1018 3373 in
1039 3316 1170 3391 reliquis

142 3401 293 3463 codicibus
316 3407 436 3479 praeter
457 3404 592 3462 fabulam
614 3405 702 3463 illam
724 3403 783 3463 duo
805 3405 865 3464 loci
888 3405 1021 3481 excerpti
1044 3424 1079 3462 ex
1102 3407 1164 3481 epi-

139 3492 218 3549 stola
231 3491 285 3550 illa
303 3493 507 3568 inveniuntur,
528 3496 580 3569 qui
599 3494 706 3569 stipsi
728 3494 761 3551 in
779 3494 808 3552 P
828 3494 943 3554 desunt.
981 3492 1090 3552 Omnes
1108 3493 1166 3553 hos

140 3580 221 3640 locos
244 3600 304 3641 non
328 3584 360 3639 in
383 3582 412 3640 P
432 3582 615 3658 eliminatos,
642 3602 747 3642 verum
770 3601 789 3642 a
811 3584 996 3659 reliquorum
1018 3582 1166 3641 librorum
