2617 3909
170 192 238 257 280
482 193 871 247 Γωιεοοιοοωοακεοο

170 342 305 422 κείμενος
331 339 499 420 ἐξεφαίνετο
527 339 577 402 διά
604 340 636 403 τδ
664 339 697 402 ἐκ
724 343 901 420 λευκοτάτης
924 340 1080 423 μαρμάρου
1103 359 1191 403 συνε-

171 437 309 520 στηκέναι
336 437 387 500 καί
415 438 463 500 ἐπὶ
485 439 582 518 λόφου
610 439 805 519 δεδομῆσθαι.
851 437 899 500 ἐπὶ
922 437 954 500 δέ
977 447 1030 519 τῆς
1052 449 1191 519 κορυφῆς

172 531 250 619 εἶχεν
273 536 398 612 ἑστῶτας
420 546 548 619 χρυσοῦς
570 535 620 598 καλ
643 533 846 617 τεθηγμίνους
865 535 986 617 ὀβελοὺς
1009 535 1068 598 δινδι
1086 547 1191 618 ιωχχῖιν

175 633 210 716 μ’
233 636 265 699 τὸ
289 636 370 713 ύψος
392 633 442 696 καλ
464 633 523 696 άνὰ
540 635 576 710 ἐξ
598 633 631 696 τὸ
658 635 767 708 πλάτος
789 634 864 717 πρὸς
886 633 918 695 τδ
941 635 1067 696 κωλύειν
1089 634 1190 714 ἕφιζά-

145 755 237 798 ενειν
264 731 300 794 τὰ
327 731 444 794 πετεινὰ
471 730 521 794 καί
549 731 674 814 ἐκκρίσει
696 732 749 794 τὸν
774 732 851 794 υαδν
878 733 1026 811 μολύνειν.
1071 742 1133 794 τῶν
1158 731 1192 793 δὲ

174 830 364 892 κυκλούντων
395 830 560 912 περιβόλων
596 830 744 912 τεσσάρων
780 830 812 892 τὸ
849 830 930 912 ἱερὸν
961 830 1039 904 ίδίας
1071 829 1193 903 ἕκαστος

172 927 403 1011 παρατηρήσεως
434 927 508 990 κατά
539 929 591 992 τὸν
620 927 715 1008 νόμον
742 925 859 1008 ήξίωτο.
904 929 947 1002 είς
973 926 1028 1008 μὲν
1054 928 1113 1010 γάρ
1141 928 1193 989 τδν

172 1035 290 1110 πρῶτον
321 1025 371 1088 καί
403 1025 546 1101 ἐξώτατον
577 1036 670 1088 πᾶσιν
701 1025 850 1108 ἐγχωρίοις
876 1049 907 1088 τε
933 1026 984 1088 καλ
1010 1026 1193 1106 ἀλλοφύλοις
1281 1022 1282 1041 ’

171 1125 316 1188 εἰσελθεῖν
340 1123 540 1207 ἐπετέτραπτο,
562 1123 605 1197 είς
627 1121 660 1186 δέ
683 1123 734 1185 τδν
757 1124 895 1207 δεύτερον
911 1119 1068 1197 Ἰουδαίοις
1085 1123 1193 1204 ήφίετο

132 1247 159 1286 ιο
173 1222 305 1305 εἰσιέναι,
327 1223 369 1297 είς
397 1221 429 1285 δέ
451 1223 503 1285 τὸν
529 1223 628 1305 τρίτον
656 1221 759 1302 μόνοις
786 1228 849 1298 τοῖς
875 1220 977 1304 άρρεσι
1002 1232 1062 1284 τῶν
1090 1221 1193 1304 ίερέων
1282 1244 1283 1257 ’

171 1327 319 1404 καθαροῖς
341 1319 391 1382 καί
414 1318 516 1403 άγνοῖς
534 1318 728 1402 ὑπάρχουσιν,
746 1320 789 1394 είς
808 1319 840 1383 δέ
858 1319 910 1381 τδν
928 1318 1064 1402 τέταρτον
1082 1322 1194 1403 ἱερεῦσι

172 1421 276 1500 μόνοις
308 1416 501 1501 ἁγνεύουσιν,
533 1418 575 1491 εἰς
607 1415 638 1480 δέ
666 1417 758 1481 αύτδν
787 1417 839 1480 τὸν
865 1417 941 1479 ναδν
968 1423 1031 1492 τοῖς
1056 1417 1195 1498 ύιμάμοις
1283 1422 1284 1469 ἶ

173 1519 282 1599 ἱερεῦσι
313 1515 417 1592 στολάς
449 1515 595 1598 ἱερατικὰς
625 1513 854 1596 ήμφιεσμένοις,
885 1516 928 1589 είς
959 1513 992 1577 δέ
1019 1515 1054 1576 τὰ
1086 1513 1194 1595 άδτπα,
1283 1516 1284 1519 ’

173 1613 250 1676 ἔνθα
272 1604 311 1694 ήν
335 1612 351 1675 δ
370 1614 470 1694 βωμὸς
491 1612 543 1675 καλ
565 1610 585 1692 ή
608 1614 734 1695 τράπεζα
756 1611 806 1674 καλ
829 1612 862 1675 τὸ
880 1613 1082 1695 θυμιατήριον
1100 1611 1193 1692 καλή

133 1734 159 1775 ιε
173 1709 313 1791 ύσβεστος
339 1711 458 1793 λυχνία,
488 1711 570 1798 μόνη)
598 1718 638 1795 τῷ
661 1709 792 1794 ἀρχιερεῖ
810 1711 1013 1793 σογκεχάρητο
1036 1711 1115 1785 ύτταξ
1140 1721 1194 1773 τοῦ

172 1809 319 1871 ἐνιαυτοῦ.
364 1807 483 1882 εἰκότως
515 1801 571 1872 ούν
603 1808 698 1890 ἐλεγεν
731 1805 747 1870 δ
777 1808 948 1889 προφήτης·
981 1807 1032 1870 καὶ
1062 1809 1145 1871 ἐσται
1172 1807 1193 1888 ή

172 1905 244 1980 δόξα
271 1914 324 1968 τοῦ
352 1906 437 1968 οἴκου
465 1906 572 1968 τούτου
595 1903 615 1985 ἡ
639 1906 744 1986 ἐσχάτη
772 1904 847 1987 ὑπὲρ
874 1907 929 1986 τήν
952 1907 1089 1989 πρώτην,
1117 1906 1194 1988 λέγει

172 2005 283 2090 κύριος.
327 2003 378 2065 καλ
401 2003 455 2087 γάρ
480 2001 499 2084 ή
523 2003 643 2084 δεοτέρα
671 2004 816 2084 οίκοδομή
844 2005 919 2084 αύτη
941 2013 996 2067 τοῦ
1018 2015 1096 2066 ναοῦ
1118 2009 1193 2085 λαμ-

172 2101 298 2185 προτέρα
320 2100 421 2184 γέγονε
443 2112 496 2182 τῆς
523 2103 642 2185 πρώτης
669 2103 711 2176 είς
733 2125 763 2164 τε
785 2102 891 2176 κάλλος
913 2102 963 2164 καὶ
991 2101 1119 2184 μέγεθος
1142 2102 1193 2163 καλ

133 2222 160 2264 εο
173 2200 208 2262 τά
230 2199 318 2262 λοιπδι
341 2200 445 2262 πάντα.
960 2202 966 2212 “

72 2311 114 2351 20³
127 2311 158 2350 M·
239 2297 300 2359 Καὶ
323 2295 491 2379 ταῦταμὲν
514 2300 616 2372 οὕτως.
663 2297 733 2378 μετὰ
756 2296 787 2359 δέ
813 2306 906 2360 ταῦτα
929 2297 945 2360 δ
968 2297 1107 2379 βασιλεὺς
1129 2304 1194 2360 Δα-

246 2468 279 2516 16
298 2462 391 2532 Aggai
411 2467 436 2530 κ,
452 2467 475 2515 ο.

246 2601 260 2649 1
280 2593 433 2668 ustm‘mpF
452 2593 581 2664 κειμένου
594 2594 623 2650 L.
643 2625 679 2636 -
698 2600 714 2648 2
733 2597 918 2664 δεδομεῖσθαι
936 2596 1047 2663 (δεδωμ.
1062 2593 1099 2664 A)
1116 2593 1193 2648 ABG

173 2661 295 2720 HMPR.
315 2697 348 2706 -
368 2673 385 2721 4
403 2665 461 2720 άνά
479 2675 575 2737 πηχῶν
595 2665 623 2732 ἐξ
641 2664 700 2720 BF.
719 2697 753 2706 -
773 2671 789 2719 ὅ
809 2662 928 2733 ἐκρίσειν
946 2666 969 2719 Β
991 2664 1022 2719 ἐν
1040 2664 1149 2734 κρίσεσι
1167 2666 1193 2719 R

173 2744 236 2798 ταῖς
259 2733 377 2805 ἐκρίσεσι
400 2737 432 2789 A.
457 2767 491 2776 -
516 2743 531 2790 9
551 2735 644 2806 ἐφίετο
663 2737 693 2790 Μ
717 2737 811 2807 ἐφεῖτο
829 2736 888 2791 BL.
912 2767 946 2776 —
972 2741 1004 2790 12
1024 2737 1065 2799 εἰς
1087 2737 1120 2792 δὲ
1141 2737 1192 2792 τδν

175 2808 262 2863 αδτδν
285 2808 357 2862 υαδν
375 2807 396 2861 F
420 2807 461 2871 είς
483 2808 515 2863 δδ
536 2809 640 2864 ταύτδν
662 2809 712 2864 τδν
730 2807 803 2863 ναδν
821 2807 849 2862 C.
874 2839 909 2849 -
934 2813 968 2861 14
985 2807 1192 2875 θυσιαστήριον

173 2878 254 2932 ΑΒΗ
272 2881 304 2934 in
322 2878 347 2930 A
364 2883 426 2933 κι.1
446 2880 478 2932 ιἰι
494 2879 685 2948 θυμιατήριον
702 2887 768 2935 κιαι.
785 2911 821 2919 -
841 2883 874 2932 18
888 2877 1006 2948 δευτέρα
1024 2879 1095 2949 αύτη
1115 2880 1193 2935 οἰκο-

175 2949 246 3020 δομὴ
261 2951 286 3003 A
309 2947 380 3019 αύτη
399 2966 449 3004 om.
465 2949 494 3003 L.
514 2982 549 2990 -
569 2957 601 3005 21
620 2952 670 3005 καλ
687 2959 777 3005 ταῦτα
794 2950 845 3019 μὲν
864 2948 958 3014 ούτως,
969 2967 1020 3005 ονε.
1036 2950 1089 3005 FP.

247 3077 262 3126 9
282 3075 350 3128 Ροεδ
368 3071 552 3142 ἐπετέτραπτο
565 3074 588 3127 Ρ
602 3075 666 3130 add.
681 3093 695 3130 e
708 3075 778 3129 Jos.:
798 3075 909 3146 γυναιξὶ
923 3072 1023 3142 μύκαις
1037 3074 1067 3130 ἐν
1081 3071 1194 3144 μηνίοις

175 3142 398 3213 ἀποκλειόμενος.
413 3177 447 3185 -
469 3150 502 3199 10
522 3144 639 3201 είσιέναι
657 3147 706 3200 καλ
724 3155 786 3209 ταῖς
798 3146 905 3200 τούτων
923 3146 1034 3216 γυναιξί
1048 3149 1194 3214 καθαραῖς

175 3215 282 3279 παντδς
300 3215 455 3285 μιάσματος
471 3216 494 3269 Ρ
513 3235 526 3272 ο
544 3215 600 3271 δοε.
619 3249 656 3258 -·
678 3216 787 3289 λερέων]
806 3215 942 3272 ίουδαίων
960 3217 982 3271 Ρ
1001 3235 1062 3272 cum
1079 3217 1137 3271 δοε.
1157 3249 1192 3257 -

177 3292 210 3340 13
228 3286 260 3340 τὸ
279 3286 385 3342 ἄδυτον
398 3287 487 3343 Ρδοε.
502 3320 536 3329 -
556 3293 662 3342 18-20
681 3288 796 3359 καὶγὰρ
811 3289 828 3358 ἡ
843 3288 960 3356 δευτέρα
974 3287 1045 3357 αύτη
1064 3290 1108 3358 (m.
1125 3293 1141 3342 1
1155 3304 1191 3342 ex

174 3356 273 3426 ταύτη)
297 3376 326 3411 τε
349 3359 397 3412 καλ
420 3358 521 3429 ἐσχάτη
544 3356 720 3425 λαμπροτέρα
743 3358 799 3430 γέγ.
819 3366 869 3428 τῆς
890 3379 937 3428 πρ.
957 3357 1121 3429 οἰκοδομίας
1142 3359 1192 3412 καλ

176 3425 294 3490 κάλλους
316 3427 410 3483 ἕνεκεν
433 3430 482 3483 καλ
505 3427 643 3498 μεγέθους
665 3430 713 3482 καλ
735 3438 791 3484 τῶν
814 3429 903 3484 ἄλλων
927 3429 1061 3484 ἁπάντων
1081 3429 1111 3484 P.
1145 3430 1191 3485 Se-

176 3503 300 3564 ηκακίνι
322 3501 395 3566 αλια,
418 3517 487 3568 quae
509 3502 541 3552 ιίι
563 3501 642 3552 tertio
660 3501 796 3554 volumine
814 3501 934 3556 edentur.
959 3532 993 3541 —
1019 3507 1052 3555 21
1072 3500 1141 3570 μετὰ
1158 3499 1192 3554 δέ

176 3574 264 3620 ταῦτα
282 3566 378 3624 τοίνυν
397 3567 411 3622 ὁ
431 3568 460 3621 P.
