2617 3909
187 215 254 280 332
379 254 382 261 .
497 218 684 270 ΓΕΩΡῙῚΟΤ
702 219 884 271 MONAXOT

187 364 326 449 φνομίνη
348 367 516 448 χρώμενον,
537 365 588 429 καλ
609 367 666 445 τὴν
687 364 783 446 άκραν
804 364 931 445 άσκησιν
954 364 1048 428 αὐτοῦ
1072 366 1204 445 ζηλώσας

186 464 264 547 πρὸς
286 464 378 528 αὐτόν
400 463 534 544 άφίκετο,
556 462 606 524 καί
627 468 705 542 τρεῖς
726 459 797 545 παρ’
817 464 898 548 αύτῷ
916 464 1128 542 φιλοσοφήσας
1148 464 1206 526 ἐνι-

187 561 300 635 αυτούς
330 562 373 636 είς
403 562 459 641 τὴν
488 563 577 626 πόλιν
605 559 769 642 ὑπέστρεψε
798 561 848 623 καί
874 571 910 647 τῇ
942 571 1001 624 τῶν
1031 563 1206 642 Φαρισαίων

189 659 368 722 ἐπολιτεύετο
390 661 575 744 δικαιοσύνη.

164 777 176 818 σ
254 751 286 819 ‘0
308 755 341 820 δέ
362 781 395 839 γε
416 759 527 838 Φίλων,
550 757 591 831 ὡς
611 759 736 840 εἴρηται,
759 757 826 841 περὶ
843 769 903 820 τῶν
920 758 950 832 ἐξ
965 751 1118 839 Ἐβραίων
1136 755 1206 838 ἡμε-

189 855 282 939 τέρων
306 854 444 935 ἀσκητῶν
470 853 685 933 άναφανέντων
712 854 856 936 μέμνηται
883 867 987 935 σαφῶς
1009 856 1043 918 ἐν
1064 863 1105 940 τῷ
1121 855 1208 942 λόγῳ,

189 954 222 1016 ἐν
240 941 264 1038 ᾧ
282 951 450 1034 ἐπέγραψεν
467 952 534 1035 περὶ
551 960 738 1034 θεωρητικοῦ
757 955 834 1036 βίον.
865 953 919 1028 ούς
937 954 1136 1035 θεραπευτάς,
1159 954 1206 1016 καί

189 1050 242 1125 τὰς
272 1050 491 1133 όμοιοσχύμονς
521 1050 572 1113 καί
598 1051 785 1132 ὁμοτρόπους
815 1057 959 1134 γυναῖκας
991 1053 1208 1134 θεραπετπίδας
1286 1123 1287 1144 ᾖ

188 1147 351 1229 ὠνόμασεν.
397 1148 447 1211 καί
469 1149 649 1232 θεραπευταί
673 1149 741 1230 μέν,
769 1151 878 1231 φησίν,
905 1149 1061 1230 κέκληνται
1084 1149 1105 1230 ἢ
1129 1151 1209 1232 παρὰ

151 1249 224 1311 ιοτό
251 1247 303 1321 τὰς
329 1247 431 1328 ψυχὰς
456 1258 516 1309 τῶν
544 1248 728 1329 προσιόντων
756 1248 857 1321 αὐτοῖς
879 1247 938 1310 άπὸ
965 1249 1072 1322 κακίας
1098 1255 1209 1310 παθῶν

190 1346 300 1428 ἰατρῶν
327 1347 416 1425 δίκην
438 1344 673 1418 άπαλλάττοντας
695 1346 888 1426 θεραπεύειν,
918 1343 938 1426 ἢ
968 1345 1063 1427 [παρὰ
1086 1342 1134 1427 τὸ]
1159 1357 1209 1427 τῆς

190 1444 257 1525 περί
279 1443 312 1505 τό
334 1449 421 1506 θεῖον
441 1448 580 1524 καθαρᾶς
601 1442 652 1504 καί
674 1443 852 1525 εἰλικρινοῦς
874 1444 1035 1524 θεραπείας
1057 1441 1109 1504 καί
1131 1450 1208 1526 θρη-

191 1543 291 1614 σκείας
326 1540 420 1603 ἕνεκα.
473 1542 584 1621 ταύτην
621 1533 677 1602 ούν
708 1539 763 1620 την
798 1541 1000 1623 προσηγορίαν
1032 1541 1089 1602 εἴτε
1121 1542 1210 1616 αὐτὸς

192 1637 320 1719 ἐξευρὼν
341 1639 485 1721 ἔγραψεν,
516 1640 571 1702 εἴτε
592 1638 643 1700 καλ
665 1631 729 1698 κατ’
751 1636 841 1720 ἀρχὰς
863 1640 896 1700 οί
914 1648 1026 1719 πρῶτοι
1048 1647 1110 1700 τῶν
1133 1641 1209 1702 οὕτω

153 1754 179 1796 ισ
192 1735 341 1816 βιούντων
367 1735 534 1798 ἐκαλοῦντο.
579 1729 657 1815 εἶτα,
685 1737 793 1816 φησίν,
825 1747 943 1817 πρῶτον
971 1734 1025 1815 μὲν
1052 1735 1210 1819 ἀρχόμενοι

193 1838 371 1912 φιλοσοφεῖν
400 1833 563 1906 ἐξίστανται
589 1843 649 1895 τῶν
671 1834 883 1914 προσηκόντων
905 1833 956 1894 καλ
978 1844 1038 1895 τῶν
1061 1834 1210 1916 ὑπαρχόν-

193 1955 263 2013 των,
286 1930 384 1994 ἔπειτα
406 1929 439 1993 δὲ
461 1932 570 2006 πάσαις
592 1931 808 2012 άποταξάμενοι
830 1938 894 2005 ταῖς
912 1940 965 1993 τοῦ
983 1932 1054 2012 βίου
1073 1935 1210 2013 φροντίσι

193 2029 244 2092 καί
271 2029 327 2104 ἔξω
351 2039 454 2111 τειχῶν
475 2029 673 2113 προελθόντες
695 2029 728 2092 ἐν
751 2031 910 2112 μονάρροις
931 2029 982 2091 καλ
1003 2031 1115 2109 κήποις
1137 2029 1160 2111 ἣ
1180 2031 1211 2093 ἐν

95 2149 135 2187 ιιι
149 2147 180 2186 u.
195 2127 275 2210 όρεσι
301 2128 353 2202 τὰς
380 2127 532 2210 διατριβὰς
562 2137 719 2190 ποιοῦνται
745 2127 797 2201 τὰς
823 2127 857 2189 ἐκ
882 2137 942 2189 τῶν
968 2126 1123 2207 ἀνομοίων
1150 2129 1211 2190 ἐπι-

154 2245 182 2286 ιο
195 2228 293 2306 μιξίας
319 2225 496 2300 άλνσιτελεῖς
522 2250 553 2289 τε
575 2225 625 2288 καί
650 2225 795 2306 βλαβεράς
817 2225 926 2299 εἰδότες
948 2226 1000 2288 τόν
1022 2227 1213 2306 προφητικὸν

195 2327 315 2403 ζηλοῦσι
343 2321 394 2385 καλ
416 2322 541 2386 ἀσκοῦσι
562 2324 639 2404 βίον.
686 2324 763 2384 ούτω
785 2328 933 2403 πολλαχοῦ
957 2321 1011 2402 μὲν
1033 2332 1088 2404 τῆς
1112 2323 1212 2385 οίκον-

195 2420 286 2501 μένης
308 2421 368 2484 ἐστί
390 2423 422 2484 τὸ
445 2421 539 2503 γένος.
571 2422 631 2484 ἔδει
648 2420 705 2503 γὰρ
723 2419 843 2503 άγαθού
861 2422 971 2482 τελείου
990 2426 1144 2502 μετασχεῖν
1163 2420 1213 2482 καί

194 2519 251 2598 νην
267 2513 396 2580 Ἑλλάδα
419 2518 469 2580 καί
491 2519 547 2599 τὴν
568 2520 736 2600 βάρβαρον,
763 2518 796 2581 ἐν
819 2518 962 2604 Αἰγύπτῳ
985 2517 1018 2581 δὲ
1039 2519 1213 2592 πλεονάζειν

194 2616 245 2677 καλ
273 2617 396 2695 μάλιστα
422 2615 489 2697 περί
515 2617 571 2696 την
595 2612 824 2698 Ἀλεξάνδρειαν.
869 2615 920 2678 καί
946 2615 979 2678 ἐν
1006 2615 1116 2702 ἑκάστη
1139 2635 1212 2696 συμ-

268 2803 357 2867 ό-ρ,
373 2802 433 2865 833,
448 2802 464 2850 9
483 2797 584 2851 Euseb.
599 2797 672 2851 nist.
689 2797 754 2852 eccl.
769 2797 803 2866 Π,
818 2803 860 2866 11,
876 2803 955 2867 σερρ.

268 2963 284 3013 8
298 2957 542 3027 θεραπεύτιθαςλλ
558 2954 795 3028 (θεραπεντρίύας
808 2955 892 3070 Εηε.).
907 2987 941 2996 -
961 2961 995 3010 10
1008 2956 1040 3011 τὸ
1054 2956 1107 3020 τὰς
1120 2957 1216 3028 ψυχάς

195 3101 247 3140 ονε.
262 3083 288 3136 R
308 3081 359 3146 τὰς
377 3101 427 3139 σοι.
441 3083 524 3137 ABV.
548 3114 582 3124 -
607 3088 639 3137 11
659 3079 677 3150 ἢ
694 3081 773 3170 παρὰ
796 3039 900 3151 όόρτης
922 3085 1005 3135 θεῖον
1028 3082 1089 3150 (sic)
1107 3081 1131 3134 P
1147 3099 1183 3136 m.
1200 3087 1214 3134 1

195 3172 264 3211 σοιν.
287 3151 402 3223 ἣπαρόι
419 3155 451 3209 τὸ
469 3162 519 3224 της
535 3154 567 3209 τό
584 3153 707 3209 θεῑονΟ
735 3153 849 3222 ηπαρὰ
871 3153 971 3220 τὸτῆς
993 3153 1057 3219 περὶ
1077 3152 1111 3206 τό
1130 3155 1215 3208 θετον

196 3226 256 3281 τελλ.
281 3223 299 3295 ἢ
320 3234 370 3296 τῆς
392 3227 463 3294 πρὸς
484 3225 517 3280 τὸ
539 3229 623 3280 θεῖον
642 3224 718 3277 Suid.
737 3241 762 3278 ν.
780 3221 956 3292 θεραπενταί
984 3219 1012 3292 (ἢ
1029 3230 1080 3292 τῆς
1097 3225 1165 3290 περλ
1183 3224 1215 3278 τὸ

196 3302 278 3352 θεῖον
301 3295 422 3365 Euseb.).
451 3328 483 3336 —
513 3302 547 3350 14
565 3298 613 3350 καλ
641 3313 691 3350 om.
715 3295 774 3349 RV.
803 3327 837 3336 -
866 3301 899 3349 15
918 3293 1074 3366 ἀρχόμενον
1096 3293 1154 3349 BC.
1182 3325 1215 3335 -

199 3372 232 3421 18
251 3366 454 3433 προσελθόντες
471 3366 559 3421 CDR.
580 3398 613 3407 —
635 3372 668 3420 21
689 3364 772 3437 ούτω]
791 3375 874 3421 τοῦτο
892 3365 949 3420 BF.
970 3396 1003 3405 -
1028 3371 1061 3418 22
1082 3365 1139 3420 ἔστι
1159 3365 1215 3418 AP.

199 3467 233 3475 -
252 3442 286 3488 23
304 3437 450 3500 πλεονάζει
468 3437 593 3490 BFEus.

272 3595 286 3641 7
306 3590 356 3652 οὓς
372 3593 420 3644 καλ
437 3593 617 3659 θεραπευτάς
633 3593 663 3648 Ρ.
685 3625 717 3634 -
739 3601 769 3649 11
791 3595 1003 3651 ἀπαλλάττοντα
1020 3595 1050 3649 Ρ.
