2617 3909
546 223 736 282 ΧΡοαεΚοα
826 260 829 267 ,
1082 223 1146 286 231

130 367 253 447 ἀδήλων
275 377 328 430 τοῦ
351 374 426 430 θεοῦ
449 368 499 430 καὶ
526 368 703 452 ἀπορρήτων
732 372 881 451 κριμότων
903 370 954 431 καὶ
977 373 1146 452 μυστηρίων

130 465 182 528 καλ
213 466 440 548 ὑπερεκπλαγεὶς
476 467 593 549 σφόδρα
629 467 679 530 καλ
712 469 779 530 λίαν
816 469 976 550 ἰλιγγιάσας
1013 469 1147 550 ἕξεβόήσε

130 563 188 644 τήν
210 562 348 644 ἀοίδιμον
371 564 488 645 ἐκείνην
515 566 623 645 φωνήν
645 564 750 647 λόγων·
778 562 802 625 ὢ
825 566 922 646 βάθος
945 567 1074 627 πλούτου
1097 566 1147 627 καὶ
1161 579 1201 620 1⁸⁵
1214 579 1247 619 1

131 663 241 740 σοφίας
272 660 323 723 καὶ
353 663 489 743 γνώσεως
515 669 599 726 θεοῦ.
645 661 686 736 ὡς
717 662 928 743 ἀνεξερεύνήτα
959 662 994 724 τόι
1021 664 1147 745 κρίματα

130 759 224 822 αὐτοῦ
247 758 297 820 καλ
320 758 532 840 ἀνεξιχνίαστοι
555 761 590 822 αί
610 760 676 823 ὁδοί
698 761 800 822 αὐτοῦ.
842 760 892 822 καί
915 763 992 840 μάλα
1014 761 1145 833 εἰκότως·
1173 783 1186 823 τ

130 856 319 938 ἀνίκφραστοι
349 859 405 940 γάρ
438 859 495 921 είσι
525 861 622 920 πάντα
650 858 701 920 καλ
733 857 918 940 ἀδιόγνωστα
947 860 1028 942 πόσγ
1056 860 1146 920 κτίσει

129 955 166 1016 τά
193 964 246 1015 τοῦ
273 961 349 1017 θεοῦ
376 955 425 1017 καλ
454 957 533 1041 αὐτῷ
558 955 638 1041 μόνφ
666 955 843 1038 ἐγνωσμένα.
889 956 939 1018 καλ
961 959 991 1018 τί
1015 955 1088 1038 λέγω
1111 955 1146 1017 τὰ

129 1062 184 1114 τοῦ
207 1058 296 1129 θεοῦ;
320 1051 468 1136 οὐδὲγὰρ
492 1053 527 1114 τὰ
549 1065 602 1116 τοῦ
627 1053 793 1135 ἀνθρώπου
816 1077 860 1127 τις
882 1049 977 1134 οἶδεν,
1000 1055 1028 1116 εί
1049 1054 1090 1133 μή
1113 1055 1145 1117 τὸ

128 1159 248 1230 πνεῦμα
270 1160 323 1212 τοῦ
344 1149 518 1232 ἀνθρώπου.
555 1152 584 1213 εἰ
599 1151 655 1233 γάρ
675 1153 766 1231 μόνος
784 1151 801 1214 ό
820 1153 891 1225 θεὸς
909 1152 1146 1233 καρδιογνώστης

128 1247 180 1309 καί
205 1248 411 1328 ἀιϊκνούμενος
433 1247 500 1330 ἀχρι
526 1259 668 1331 μερισμοῦ
695 1260 797 1330 ψυχῆς
823 1249 873 1310 καὶ
895 1250 1070 1328 πνεύματος,
1093 1247 1186 1325 &cp-1⁰

129 1355 195 1426 μῶν
218 1369 246 1406 τε
269 1345 319 1406 καλ
342 1352 468 1428 μυελῶν,
493 1346 543 1408 καλ
566 1348 695 1430 κριτικὸς
718 1348 916 1427 ἐνθυμήσεων
938 1346 989 1408 καλ
1011 1347 1145 1427 ἐννοιῶν,

128 1441 257 1522 εὔθηλον
284 1441 325 1517 ῶς
352 1443 423 1506 οὐδὲ
450 1455 526 1507 νοῦν
554 1443 720 1526 ἀνθρώπου
748 1445 798 1508 καί
822 1447 959 1526 βούλημα
981 1444 1032 1506 καί
1053 1444 1146 1506 ἕνθῦ-
1235 1521 1237 1524 ⁴

129 1563 199 1621 μιον
226 1540 429 1622 κεκρυμμένον
457 1541 578 1625 ἅγγελος
605 1537 701 1623 οίδεν,
730 1543 799 1623 μήτι
825 1566 857 1625 γε
884 1550 960 1605 θεοῦ
983 1544 1146 1626 μυστήριον

128 1637 308 1720 ἀπόκρυφον
331 1639 381 1722 καί
404 1641 444 1722 μή
469 1651 572 1719 σαφῶς
594 1635 647 1702 ἀπ’
673 1641 766 1704 αὐτοῦ
786 1641 837 1703 καί
856 1641 886 1717 ἐξ
903 1642 997 1704 αὐτοῦ
1016 1643 1146 1721 δεδήλω-

129 1735 220 1816 μένον
244 1738 439 1821 οἰκονομικῶς
461 1740 536 1822 πρὸς
558 1741 590 1804 τὸ
615 1738 777 1821 συμφέρον.
814 1739 887 1801 ὅθεν
909 1741 1013 1801 τοίνυν
1031 1737 1144 1818 ἀδήλου
1159 1760 1185 1801 ιτ

127 1833 248 1913 ἐποίησε
270 1835 326 1913 τήν
349 1835 493 1918 ίνσαρκον
512 1838 687 1916 οἰκονομίαν
706 1836 757 1898 καλ
774 1837 844 1910 τοὺς
861 1836 989 1910 πολλοὺς
1006 1836 1145 1918 κρόπτων

116 1931 180 1994 ,διὰ
202 1943 255 2012 τής
274 1925 422 2012 ’ἀσαφείας
444 1933 495 1996 καλ
517 1935 679 1996 λανθάνων
703 1933 784 2018 μέχρι
802 1940 920 1996 πολλοῦ.
956 1934 1007 1996 καὶ
1025 1936 1054 1995 τί
1070 1933 1144 2016 λέγω

127 2030 199 2103 τοῦς
220 2031 362 2104 πολλούςε
386 2031 463 2093 ὅπου
485 2055 518 2114 γε
541 2028 608 2094 οὐδ’
634 2032 710 2111 αὐτή
734 2029 754 2111 ή
776 2041 970 2113 κυοφοροῦσα
992 2030 1144 2113 παρθένος

201 2220 315 2274 εΒοια.
335 2226 382 2288 11,
402 2225 443 2274 οε.
468 2251 502 2260 -
526 2220 581 2275 εΙ.
597 2219 657 2275 eor.
678 2227 707 2287 ε,
723 2225 763 2274 11.
784 2251 818 2260 -
843 2226 877 2274 10
895 2219 979 2274 Hebr.
999 2225 1029 2285 4,
1044 2225 1086 2273 ιε.
1110 2251 1143 2259 -

130 2296 208 2343 16-
214 2309 243 2360 μ,
264 2297 329 2360 232,
353 2297 369 2344 ὁ
398 2291 509 2346 Similia
536 2289 677 2360 Chrysont.
701 2291 731 2345 in
756 2290 858 2345 Psalm.
882 2296 930 2359 49,
950 2297 979 2357 1;
1003 2296 1019 2343 2
1047 2290 1143 2360 Migno

128 2361 208 2415 Tom.
228 2367 270 2429 δῦ,
285 2368 336 2416 242
351 2364 398 2431 fin.

200 2527 216 2574 2
240 2521 409 2593 είλιγγιοίσας
430 2522 479 2577 PV
505 2521 670 2592 ήλιγγισίσας
696 2521 746 2592 (ήλ.
768 2521 860 2591 AEM)
883 2519 992 2575 AFHM
1005 2519 1087 2576 Goisl.
1108 2527 1142 2576 28

127 2591 291 2663 ίλιγγυάσας
304 2594 336 2647 R.
353 2625 386 2633 -
406 2599 422 2647 3
442 2593 540 2663 φωνήν
559 2592 670 2662 ἐκείνην
683 2595 709 2647 Β,
728 2590 838 2662 ἐκείνην
853 2610 904 2648 om.
919 2591 1033 2647 Beoisl.
1049 2598 1092 2647 28.
1108 2625 1142 2634 -

126 2662 217 2790 ια
227 2663 710 2805 κατατήκει
721 2665 780 2789 κ
791 2663 1142 2808 ιλιικμκκι

126 2814 177 2861 τοῦ
195 2777 267 2861 θεοῦ
286 2804 407 2876 κρίματα
422 2807 471 2862 BV
481 2756 563 2861 (ίόὶελ.
580 2812 613 2861 28
632 2757 756 2879 ποίσγγόή
771 2804 858 2863 κτίσει
875 2757 957 2862 ιίίόικ
971 2807 1055 2861 ΗΙιΜ
1072 2806 1142 2862 ποίσι

127 2874 215 2931 κτίσει
233 2878 259 2930 Α
281 2886 350 2932 πᾶσι
373 2880 434 2947 (om.
454 2876 550 2948 κτίσει)
573 2879 605 2932 R.
630 2909 666 2918 -
695 2885 728 2933 10
746 2886 839 2948 ψυχῆς
862 2877 964 2946 σαρκὸς
986 2879 1035 2932 καλ
1057 2879 1143 2934 πνεό-

126 2967 214 3017 ματος
230 2949 253 3002 Β
268 2947 351 3004 Ooisl.
367 2954 400 3003 28
429 2957 522 3020 ψυχῆς
544 2950 592 3004 καλ
616 2949 741 3018 σώματος
758 2949 816 3003 RV.
840 2981 873 2989 —
903 2955 936 3002 14
960 2947 1141 3021 ἀπόκρυφον]

125 3019 316 3090 κεκρυμμένον
335 3019 451 3075 Beoisl.
463 3026 504 3075 28.
526 3053 560 3062 -
580 3026 612 3076 17
632 3019 758 3090 ἀταφίας
777 3019 854 3075 CDF
865 3019 947 3075 Coisl.
963 3025 1005 3074 28.

199 3177 215 3225 ῦ
233 3174 302 3226 Post
319 3172 406 3227 αὐτοῦ
420 3171 442 3225 Ρ
456 3172 536 3226 add:
553 3169 596 3236 τίς
614 3171 667 3241 γάρ
686 3170 757 3240 ἔγνω
776 3179 846 3224 νοῦν
864 3167 964 3236 κυρίου
982 3166 1000 3236 ή
1017 3165 1061 3231 τίς
1074 3170 1142 3238 σύμ-

125 3244 227 3315 βουλος
249 3245 336 3297 αὐτοῦ
360 3241 468 3314 ἐγένετο
494 3243 583 3312 (Rom.
605 3251 649 3309 11,
671 3248 723 3309 34).
751 3274 784 3282 -
813 3246 829 3294 9
852 3243 919 3296 Ροελ
941 3241 1096 3307 ἀνθρώπου
1120 3241 1142 3293 Ρ

125 3314 207 3369 (τελεία
230 3312 321 3381 ὥσπερ
340 3314 406 3368 οῦδὲ
424 3312 459 3368 τά
477 3322 527 3369 τοῦ
545 3319 617 3369 θεοῦ
641 3314 667 3368 εί
685 3313 722 3383 μή
744 3312 776 3367 τὸ
794 3321 905 3382 πνεῦμα
922 3319 973 3365 τοῦ
992 3328 1086 3380 φησιν.
1107 3343 1141 3352 -

127 3391 160 3438 11
181 3384 360 3454 ἐνθυμήσεως
377 3385 406 3438 Ρ.
426 3417 462 3424 -
484 3388 552 3440 Post
574 3385 692 3440 ἐννοιῶν
709 3385 732 3438 Ρ
750 3384 829 3439 πάλλε
851 3385 900 3438 καλ
922 3381 1032 3438 οάκίστι
1054 3379 1144 3447 κτίσις

129 3455 245 3525 ἀφανὴς
259 3457 380 3513 ἐνώπιον
398 3457 486 3511 αὐτοῦ
501 3455 589 3524 μόνου
604 3457 695 3525 φύσει.
711 3487 745 3496 -
765 3462 797 3509 12
817 3453 942 3528 βοόλημά
955 3474 985 3510 τε
998 3455 1048 3508 καλ
1061 3454 1091 3507 Ρ.
1107 3485 1141 3494 -

127 3532 219 3582 11117
239 3527 370 3597 κρύπτων
392 3528 440 3582 καλ
464 3526 543 3600 μέχρι
565 3530 669 3582 πολλοῦ
692 3527 741 3583 διὰ
764 3533 813 3595 τῆς
831 3522 972 3595 ἀσαφείας
988 3524 1141 3581 λανθάνων

125 3596 255 3668 Pchrys.
