2617 3909
520 253 713 319 xPQNIKON
1063 249 1126 314 319

113 400 274 485 ἐρωτηθείς
297 393 354 463 οὖν
375 423 445 462 ποτε
467 400 522 479 τὴν
545 399 643 460 αἰτίαν
666 398 725 462 διτδ
746 408 804 460 τῶν
829 400 926 478 φίλων
945 399 1037 462 αὐτοῦ
1056 398 1127 478 ἔφη·

111 498 159 560 ἀεῖ
185 508 266 560 πᾶσα
295 495 438 579 ἡγεμονία
465 507 518 559 τοῦ
545 503 729 559 πλεονεκτεῖν
756 496 869 576 ἐφίεται
897 497 1000 576 φύσει,
1026 494 1076 557 καί
1103 497 1130 558 εί

112 584 162 659 έπῖ
188 602 291 658 πλεῖον
317 602 467 679 κρατοῖεν,
494 593 700 678 ἀμβλυστέρως
727 605 761 680 τῇ
785 596 938 680 πλεονεξία
964 593 1130 678 κέχρηνται,

112 696 140 758 εἰ
166 693 199 757 δὲ
226 690 272 756 ἐπ’
304 692 418 776 ὀλίγον,
450 694 589 773 μειζόνως
618 692 667 754 ἐπί
698 698 822 767 κλοπαῖς
853 693 1070 774 παροξύνονται
1096 692 1129 754 έν

114 792 214 879 ἀδήλῳ
246 791 302 871 τὴν
333 793 477 873 διαδοχὴν
503 791 625 873 ἔχοντες.
671 789 742 865 λέξω
775 789 807 852 δὲ
834 791 907 871 ὑμῖν
934 789 984 852 καὶ
1011 788 1129 872 ἐναργὲς
1156 809 1168 848 τ

113 891 299 972 παράδειγμα
335 890 450 952 τούτου.
495 889 675 973 τραυματίας
710 912 754 963 τις
790 889 896 968 ἔκειτο,
930 888 980 950 καλ
1012 893 1130 968 πλῆθος

116 997 201 1068 μνῶν
222 987 258 1048 τὰ
280 987 349 1067 ἕλκη
373 989 466 1049 αὐτοῦ
488 986 638 1067 ἀνειμᾶτο.
675 985 792 1070 παριὼν
815 985 847 1048 δέ
869 1011 913 1060 τις
935 985 986 1048 καὶ
1005 987 1129 1066 νομίσας

114 1085 206 1147 αὐτὸν
230 1085 270 1165 μὴ
295 1086 446 1146 δύνασθαι
466 1085 518 1160 τὰς
536 1086 614 1165 μόας
632 1083 793 1165 ἀποσοβεῖν
811 1083 985 1168 προσελθὼν
1003 1082 1129 1145 ἀπεδίω-

114 1207 174 1245 κεν.
220 1182 236 1246 δ
261 1181 292 1244 δὲ
315 1184 493 1267 τραυματίας
516 1184 623 1264 φησίν·
648 1180 761 1263 δέομαι,
784 1192 900 1244 παῦσον
922 1179 973 1244 καί
996 1181 1036 1261 μὴ
1055 1180 1130 1242 ἀπο-

114 1282 206 1362 σόβει,
229 1282 368 1360 μειζόνως
390 1281 445 1363 γάρ
474 1305 509 1360 με
535 1282 681 1361 βλάπτεις.
727 1283 761 1342 αί
785 1279 840 1363 γὰρ
867 1285 1055 1362 κορεσθεῖσαι
1076 1289 1169 1341 τοῦτο

114 1381 236 1459 αῖματος
264 1379 301 1442 οὐ
328 1380 409 1460 πάνυ
437 1403 488 1459 μοι
513 1381 569 1460 τὴν
596 1381 683 1459 δῆξιν
713 1377 865 1460 ὀδυνηρὰν
891 1376 1081 1461 παρέχονται,
1104 1376 1131 1440 εί

114 1475 146 1538 δὲ
169 1476 396 1557 ἀποδιώκοιντο,
417 1475 512 1560 ἕτεραι
533 1482 753 1559 προσελθοῦσαι
776 1482 849 1561 λιμῷ
870 1475 923 1552 τδις
945 1473 1056 1549 ὀδύνας
1079 1498 1130 1554 μοι

114 1574 274 1658 παρέξουσι
301 1573 465 1656 μειζοτέρας
492 1575 563 1640 ὥστε
591 1575 641 1636 καί
668 1583 721 1637 τοῦ
748 1577 803 1654 ζῆν
829 1573 1034 1657 ἀποστερῆσαι.
1080 1571 1130 1634 διὰ

114 1672 152 1751 δὴ
180 1682 266 1734 τοῦτο
298 1672 348 1734 καί
380 1673 468 1746 αὐτὸς
499 1672 558 1734 ὑπὸ
591 1678 709 1735 πολλῶν
740 1678 859 1734 κλοπῶν
885 1672 955 1747 τοὺς
982 1668 1130 1754 ἡγεμόνας

114 1769 355 1854 διεφθαρμένους
387 1770 460 1833 ι’δὼν
492 1781 620 1852 συνεχῶς
647 1771 703 1833 οὐκ
734 1769 855 1852 ἀμείβω.
901 1771 1066 1852 φροντίζων
1098 1767 1130 1851 γέ
1144 1788 1169 1828 15

114 1892 161 1931 τοι
187 1870 254 1930 λίαν
280 1878 334 1930 τοῦ
366 1870 483 1931 δικαίου
515 1868 644 1952 ἔγραφεν
671 1868 716 1930 ἀεί
743 1875 806 1942 ταῖς
833 1863 886 1928 ὑπ’
912 1867 1003 1930 αὐτὸν
1030 1868 1130 1930 πόλεσι

114 1965 219 2047 λόγων·
243 1966 296 2028 έάν
318 1990 346 2028 τι
372 1967 479 2050 γράψω
502 1966 583 2050 παρὰ
609 1967 679 2041 τοὺς
701 1965 814 2045 νόμους
839 1966 1030 2046 προστάσσων
1053 1966 1130 2045 γίνε-

114 2071 189 2126 σθαι
217 2064 258 2144 μὴ
286 2063 438 2146 προσέχειν
465 2063 505 2138 δος
531 2063 701 2146 ἠγνοηκότι.
747 2064 793 2126 διὸ
821 2062 870 2124 καὶ
894 2063 1023 2136 Πιλάτος
1044 2061 1131 2136 είδδος

114 2162 209 2225 αιἰτοῖι
235 2163 268 2224 τὸ
296 2163 462 2242 φιλάληθες
487 2162 538 2224 καῖ
565 2162 754 2241 φιλοδίκαιον
780 2160 816 2221 τδι
844 2160 978 2243 τεράστια
999 2163 1130 2242 Χριστοῦ

115 2261 212 2321 πάντα
242 2259 292 2322 καλ
323 2259 359 2321 κά
389 2270 442 2340 τῆς
471 2260 619 2340 εὐσεβείας
646 2259 738 2321 αὐτοῦ
767 2257 897 2341 δόγματα
925 2251 965 2318 δι’
990 2256 1130 2336 ἐπιτομῆς
1144 2277 1170 2316 ιο

115 2356 331 2420 ἀνεκοινώσατο
354 2359 444 2442 αὐτῷ,
471 2356 574 2430 καθὼς
599 2358 711 2440 ῖστορεῖ
732 2356 923 2439 Τερτνλιανὸς
946 2352 962 2415 δ
984 2364 1043 2416 τῶν
1060 2349 1130 2415 Ῥω-

116 2465 232 2535 μαϊκῶν
253 2455 355 2536 νόμων
377 2455 545 2535 ἐπιστήμων
568 2454 601 2517 έν
622 2464 659 2540 τῇ
678 2451 752 2537 ὑπὲρ
770 2458 958 2536 Χριστιανῶν
976 2451 1130 2536 ἀπολογίᾳ,

189 2633 294 2697 ιιι-μ.
310 2633 398 2694 ονοε
416 2626 516 2681 Euseb.
532 2626 565 2680 Η.
582 2625 649 2680 eccl.
663 2626 698 2694 11,
711 2632 734 2680 ι.
756 2624 854 2680 chron.
869 2625 895 2678 Π
905 2643 934 2694 p.
952 2609 1002 2679 τεο
1022 2625 1130 2678 εοοοῃε

116 2701 151 2767 cf.
171 2698 270 2753 Chron.
290 2698 388 2752 Pasch.
399 2717 429 2768 φ.
445 2703 506 2765 430,
522 2703 554 2752 18
575 2697 656 2767 Sync.
667 2715 697 2767 μ.
713 2702 773 2765 621,
789 2703 831 2751 13.

189 2849 260 2921 λεί]
279 2849 297 2918 ἡ
317 2848 337 2904 G
355 2866 406 2904 om.
426 2848 490 2902 NR.
514 2881 548 2889 —
573 2855 588 2902 3
608 2847 784 2921 ἀμβλυτέρως
801 2847 854 2902 NV
877 2853 901 2902 ολ
921 2847 944 2900 Β
968 2849 1007 2901 lit.
1027 2863 1060 2901 τω
1078 2847 1130 2915 ἀμ-

117 2919 276 2993 βλυστέρως.
305 2918 516 2993 ἀβλυστέρωςδ
541 2918 746 2992 ἀμβλυστέρους
763 2919 795 2972 R.
815 2951 849 2960 -
868 2925 885 2971 4
904 2915 932 2973 δ’
949 2916 994 2973 ἐπ’
1015 2917 1076 2971 BR.
1096 2950 1129 2957 —

117 2988 163 3046 ἐπ’
186 2989 285 3062 όλίνων
308 2990 382 3046 ACF
410 2988 455 3047 ἐπ’
477 2988 558 3064 όλίγφ
581 2992 612 3046 B.
641 3023 675 3032 -
703 2990 866 3051 ἐπικλοπαῖς
888 2988 989 3043 ΑΒΟΡ
1013 2996 1038 3044 et
1059 3005 1129 3042 rece.

117 3063 233 3131 quidam
258 3063 304 3118 ἐπὶ
322 3062 428 3124 κλοπὰς
445 3062 482 3116 Μ.
503 3093 537 3102 -
556 3069 571 3116 6
589 3071 673 3117 τοῦτο
692 3061 772 3117 CFV.
791 3093 827 3102 —
851 3067 865 3114 ⁷
885 3069 973 3130 μυιῶν
992 3060 1045 3113 BR
1063 3060 1129 3114 etD
1164 3063 1167 3068 '

116 3135 164 3189 sed
181 3151 248 3188 οοντ.
268 3153 302 3189 m.
318 3138 338 3188 2
355 3142 388 3190 ut
404 3135 459 3188 vid.
479 3166 513 3174 -
537 3135 691 3202 ἀνειμῶντο
710 3134 757 3186 AL
780 3131 967 3202 ἀνημῶντοΒ
991 3132 1130 3200 ἀνιμῶντο

117 3205 169 3259 RV
187 3203 332 3275 ἐνείμαντο
348 3204 375 3260 0.
400 3237 430 3246 -
468 3204 556 3267 υάςΙῖ
575 3205 658 3274 μόιας
675 3206 697 3258 Β
714 3203 776 3260 etl)
795 3210 827 3258 υτ
844 3204 898 3257 vid.
913 3220 947 3256 m.
962 3206 981 3256 2
999 3220 1033 3257 οω
1050 3201 1129 3272 μύας.

117 3286 202 3346 μυίας
220 3276 249 3330 Ρ.
270 3308 303 3316 -
329 3283 362 3330 13
380 3226 521 3346 παρέζωσι
539 3275 594 3330 CL.
615 3308 648 3316 —
674 3282 706 3330 18
725 3278 839 3336 πιλῶτος
857 3277 929 3343 (πηλ.
949 3274 981 3343 L)
1001 3273 1075 3327 FLP.
1097 3305 1128 3312 -

119 3353 152 3402 19
173 3348 329 3417 φιλαληθές
346 3348 420 3401 APR
443 3347 596 3416 φιλαλήθες
613 3347 643 3400 F.

190 3495 206 3544 5
225 3490 273 3544 καὶ
288 3507 337 3545 om.
353 3490 383 3544 P.
397 3522 432 3530 -
451 3495 467 3544 6
481 3485 638 3559 τραυματία
651 3488 681 3542 Ρ.
696 3521 731 3530 -
750 3495 782 3543 10
798 3485 839 3542 ότι
853 3485 985 3558 μειζόνως
998 3507 1030 3557 με
1045 3489 1084 3559 βλ.
1099 3487 1128 3540 P.

117 3566 217 3687 {hyl}
224 3558 274 3615 ἀπ’
292 3563 379 3616 αὐτοῦ
393 3562 422 3616 Ρ.
439 3593 472 3601 -
492 3567 525 3614 19
543 3558 687 3627 τεράστεια
701 3560 730 3614 Ρ.
748 3591 783 3601 -
801 3565 834 3613 22
855 3559 924 3627 ὑπὲρ
938 3567 994 3613 τῶν
1008 3577 1129 3629 χριστια-
