2617 3909
182 179 247 244 266
494 180 682 234 mmor
700 182 883 235 MONAXOT

181 337 233 408 τῆς
260 329 349 408 δόξης
372 351 431 407 μου
458 324 647 412 ρἐκοδόμησας
675 327 726 390 καί
751 329 794 390 έτι
817 339 870 390 τοῦ
896 328 988 411 λόγου
1011 329 1045 391 ἐν
1067 337 1109 414 τῷ
1132 330 1200 392 στό-

181 449 249 507 ματι
272 425 364 494 αὐτοῦ
388 424 483 507 ὄντος,
506 426 595 506 φωνὴ
618 426 650 489 έκ
673 436 726 489 τοῦ
743 426 877 510 οόρανοτλ
898 425 1024 508 ἐγένετο·
1049 427 1098 490 σοὶ
1120 427 1202 510 λέγε-

180 547 242 605 ται,
265 523 559 606 Ναβουχοδονόσωρ,
586 521 607 604 η
630 525 763 605 βασιλεία
785 543 842 587 σου
865 531 1022 606 παρῆλθεν
1049 524 1110 587 ἀπό
1132 545 1201 607 σου,

180 621 230 684 καί
252 621 310 684 άπὸ
333 631 393 683 τῶν
415 620 588 702 ἀνθρώπων
608 622 784 696 έκδιάξουσί
804 640 847 704 σε,
868 621 919 684 καί
942 622 1014 702 μετὰ
1035 625 1157 705 θηρίων
1179 622 1200 702 ἡ

155 720 349 798 ικατοίκησίς
371 737 437 800 σου,
459 719 510 782 καί
531 719 636 802 χόρτον
659 718 700 793 ὡς
721 722 798 800 βοῦν
815 721 971 801 ψωμιυῦσί
991 739 1033 802 σε,
1057 721 1110 782 καὶ
1127 721 1200 799 ἑπτὰ

180 816 278 898 καιροί
309 817 523 899 ἀλλαγήσονται
550 817 601 880 έπί
625 835 673 898 σε,
704 817 760 892 ἕως
787 811 824 879 οὗ
850 825 925 902 γνῷς
952 819 998 880 ὅτι
1024 820 1157 900 κυριεύει
1183 818 1199 881 δ

181 917 308 994 ὕψιστος
343 925 396 996 τῆς
431 917 579 997 βασιλείας
610 925 669 978 τῶν
702 914 873 997 ἀνθρώπων
903 915 955 978 καί
985 904 1010 1001 ῷ
1040 915 1094 978 έδιν
1126 918 1199 1001 δόξη

181 1013 268 1076 δόσει
295 1013 397 1093 αότην.
443 1013 494 1076 καί
521 1014 595 1093 αὐτῇ
624 1023 659 1099 τῇ
688 1013 751 1098 ὥρη
773 1010 790 1075 δ
816 1013 903 1096 λόγος
929 1013 1128 1094 συνετελέσθη
1150 1014 1200 1078 ἐπὶ

181 1113 458 1194 Ναβουχοδονόσωρ
490 1110 540 1173 καί
571 1110 629 1174 άπὸ
661 1121 722 1174 τῶν
752 1109 924 1191 ἀνθρώπων
955 1110 1119 1192 έξεδιάχθη
1149 1113 1198 1174 καὶ

141 1231 167 1272 ιο
179 1211 285 1292 χόρτον
307 1208 347 1284 ὡς
370 1212 443 1291 βοῦς
466 1207 590 1290 ἤσθιεν,
617 1207 668 1270 καί
689 1207 750 1270 άπδ
772 1217 826 1288 τῆς
849 1207 960 1291 δρόσου
987 1219 1041 1271 τοῦ
1064 1209 1199 1292 οὐρανοῦ

179 1308 216 1370 τδ
236 1319 319 1388 σῶμα
342 1308 434 1370 αὐτοῦ
457 1307 568 1393 έβάφη,
593 1306 648 1380 έως
671 1300 708 1369 οδ
731 1307 765 1367 αί
783 1307 877 1387 τρίχες
899 1306 993 1369 αὐτοῦ
1016 1305 1057 1381 ὡς
1079 1307 1198 1383 λέοντος

180 1405 424 1489 έμεγαλόνθησαν
454 1405 505 1468 καί
532 1407 563 1467 οί
588 1404 692 1486 ὄνυχες
719 1402 760 1478 ὡς
787 1401 902 1486 ὀρνέου.
947 1405 1020 1486 μετά
1046 1404 1079 1467 δέ
1107 1416 1199 1467 ταῦτα

179 1505 269 1564 πάλιν
292 1503 385 1583 φησίν
408 1502 425 1567 δ
450 1503 540 1578 αὐτὸς
562 1501 629 1585 περὶ
651 1512 705 1582 τῆς
731 1493 839 1564 έαυτοό
865 1501 1141 1577 ἀποκαταστάσεως·
1166 1504 1198 1567 έν

179 1607 219 1686 τῷ
238 1608 330 1685 καιρῷ
349 1601 452 1686 ἐκείνῳ
475 1602 510 1662 αλ
534 1600 641 1684 φρένες
668 1623 727 1681 μου
754 1600 981 1681 ἐπεστράφησαν
1003 1596 1050 1662 ἐπ’
1074 1600 1126 1682 έμὲ
1148 1601 1199 1664 καὶ

141 1719 166 1760 ιι
179 1699 222 1772 είς
245 1698 333 1778 τιμὴν
355 1709 408 1780 τῆς
431 1701 580 1779 βασιλείας
603 1723 663 1778 μου
685 1690 794 1779 ἦλθον,
815 1698 866 1759 καί
884 1695 904 1777 ἡ
923 1698 1026 1779 μορφή
1050 1722 1110 1778 μου
1132 1699 1198 1762 έπέ-

180 1811 305 1878 στρεψεν
328 1792 373 1859 ἐπ’
399 1795 459 1878 ἐμέ,
482 1796 532 1858 καί
550 1797 583 1858 οί
597 1797 741 1877 τάραννοί
759 1819 818 1876 μου
835 1795 886 1858 καί
904 1798 937 1859 οἱ
951 1797 1122 1878 μεγιστάνες
1139 1821 1198 1877 μου

179 1894 302 1973 ἐζήτουν
329 1917 379 1975 με,
407 1893 457 1956 καί
484 1894 533 1958 ἐπὶ
557 1894 612 1974 τὴν
635 1895 788 1974 βασιλείαν
816 1917 875 1973 μου
902 1893 1122 1975 έιιραταιάθηνρ
1148 1895 1198 1958 καί

180 1994 372 2074 μεγαλωσύνη
394 1991 583 2076 περισσοτέρα
605 1991 772 2075 προσετέθη
796 2015 855 2072 μοι.
890 2002 949 2054 νῦν
972 1985 1029 2054 οὖν
1052 1992 1109 2074 ἐγὼ
1130 1997 1197 2054 Να-

83 2114 121 2153 ιοο
135 2112 165 2152 Μ.
180 2091 405 2173 βουχοδονόσωρ
433 2092 508 2153 αἰνῶ
535 2090 586 2152 καί
608 2089 756 2173 ὑπιρυψῷ
784 2088 834 2151 καί
862 2091 974 2164 δοξάζω
1001 2090 1054 2152 τόν
1076 2091 1197 2171 βασιλέα

139 2210 165 2250 ιο
179 2199 232 2250 τοῦ
264 2187 410 2272 οὐρανοῦ,
443 2189 488 2250 ότι
519 2190 616 2250 πάντα
647 2187 683 2249 τὰ
712 2187 782 2270 ἔργα
809 2187 902 2249 αὐτοῦ
928 2187 1061 2267 ἀληθινὰ
1088 2189 1140 2250 καὶ
1166 2191 1199 2250 αι’

178 2285 274 2368 τρίβοι
305 2287 398 2350 αὐτοῦ
429 2289 552 2368 κρίσεις,
586 2285 636 2347 καί
668 2286 782 2359 πάντας
812 2286 882 2360 τοὺς
912 2285 1135 2369 πορευομένους
1166 2287 1196 2349 έν

179 2383 370 2470 ὑπερηφανία
394 2385 518 2447 δύναται
540 2393 726 2447 ταπεινῶσαι.

249 2483 311 2562 Τὴν
343 2483 445 2544 τοίνυν
476 2483 509 2546 έκ
540 2489 617 2544 θεοῦ
649 2483 804 2543 δοθεῖσαν
825 2481 904 2566 αιἰτῷ
932 2484 1116 2562 πολυολβίαν
1146 2483 1194 2545 καί

179 2580 283 2661 ῥώμην
310 2602 339 2641 τε
366 2578 416 2641 καί
443 2582 638 2662 περιφάνειαν
662 2578 677 2640 δ
701 2585 785 2655 θεῖος
813 2566 899 2661 λόγος
923 2579 1124 2659 δπεμφαίνων
1147 2582 1195 2642 διὰ

140 2670 315 2759 ιιἹερεμίου
348 2677 466 2756 φάσκει·
494 2679 563 2740 τάδε
594 2677 670 2759 λέγει
701 2679 812 2759 κύριος.
859 2676 926 2740 ἰδοὺ
954 2676 1070 2740 δέδωκα
1097 2690 1194 2742 πᾶσαν

178 2775 233 2854 τὴν
255 2784 313 2856 γῆν
336 2781 376 2861 τῷ
399 2775 680 2858 Ναβουχοδονόσωρ
702 2778 821 2857 βασιλεῖ
837 2777 1018 2855 Βαβυλῶνος
1041 2777 1193 2840 δουλεύειν

250 2998 347 3063 λλιος.
367 2991 437 3046 Dan.
453 2997 479 3061 4,
494 2997 527 3045 33
537 3008 592 3062 sqq.
611 3023 648 3034 -
666 2998 700 3046 25
718 2991 774 3047 Jer.
791 2997 825 3046 34
838 2993 904 3062 (27),
919 2997 950 3059 σς
963 2997 990 3046 6.

249 3175 264 3224 6
284 3165 317 3225 οὗ
333 3187 383 3226 om,
399 3168 501 3224 BDan.
517 3202 552 3212 -
570 3175 602 3224 12
617 3167 715 3240 όννχες
729 3170 817 3225 αὐτοῦ
831 3168 905 3223 FRV
914 3167 985 3223 Dan.
1001 3201 1036 3211 -
1056 3176 1090 3224 21
1106 3168 1192 3239 κρίσις

178 3240 258 3296 CLV.
281 3274 315 3282 —
338 3247 381 3296 23.
393 3247 427 3295 24
444 3244 505 3296 πολ.
520 3261 549 3296 τε
568 3241 616 3296 καλ
635 3238 730 3311 ρ’ὠμην
748 3242 797 3295 καλ
814 3240 849 3294 N.
873 3273 909 3282 -
932 3246 966 3295 24
985 3241 1191 3311 δπεριφάνειαν

177 3311 268 3366 FHM.
289 3343 321 3353 -
341 3319 375 3367 25
395 3311 508 3384 φάσκει]
529 3307 615 3382 φησίν
633 3311 695 3366 BR.

200 3550 210 3605 ί
250 3488 348 3606 ῙΡμοο]
368 3505 419 3541 σου
437 3487 467 3540 Ρ.
492 3519 526 3530 -
554 3493 569 3542 5
589 3485 719 3544 κατοικία
737 3488 839 3544 ΡΒου.
864 3520 899 3532 ·-
923 3496 959 3545 24
977 3489 1026 3544 διὰ
1049 3489 1100 3560 μέν
1122 3490 1190 3558 ἱερε-

179 3573 244 3621 μοο
288 3597 293 3607 .

1277 2086 1278 2125 ι

1275 2164 1278 2315 ρ

1273 2338 1276 2421 ,λ
