2617 3909
534 199 724 250 XPONIKON
1072 195 1135 260 361

122 344 197 423 μήτε
219 344 364 427 πράττειν.
400 344 433 405 τὸ
452 343 579 428 μὲνγὰρ
598 354 668 427 πῦρ,
693 347 796 426 φησίν,
819 345 888 419 τοὺς
906 346 1032 424 πλησίον
1052 343 1138 419 ὄντας

122 443 211 522 καίει,
234 442 266 504 τὸ
290 440 322 504 δὲ
344 444 450 517 κάλλος
472 442 522 504 καί
544 443 613 516 τοῦς
636 443 795 525 πόρρωθεν
819 443 952 518 ἑστῶτας.
998 441 1060 504 ἐπεὶ
1083 436 1139 505 οὖν
1154 458 1193 498 26⁶
1208 456 1240 496 Μ.

123 539 157 601 ἐκ
184 549 241 601 τοῦ
266 537 340 621 δρῦν
362 540 394 601 τὸ
417 540 488 623 ἐρᾶν
510 542 633 602 τίκτεται
655 541 705 603 καί
728 541 760 603 ἐκ
782 551 835 603 τοῦ
859 541 929 623 ίράν
951 539 971 621 ἡ
994 542 1139 623 συγκατά-

123 636 211 712 θέσις
232 639 343 719 γίνεται
364 638 415 700 καλ
437 637 470 701 ἐκ
491 649 545 719 τῆς
567 638 809 721 συγκαταθέσεως
833 637 853 719 ἡ
876 641 981 719 πρῦξις
1003 638 1140 701 ἐπιτελεῖ-

124 758 188 816 ται,
218 735 268 796 διὰ
294 744 381 798 τοῦτο
404 736 455 797 καί
477 735 493 799 δ
516 736 643 818 Χριστὸς
666 736 717 798 τὸν
740 736 906 810 ἀκολάστως
929 737 1068 799 ἑστιῶντα
1089 736 1140 810 τὰς
1167 759 1180 800 ι

126 830 213 910 δψεις
241 832 344 914 μοιχδν
370 834 485 915 ἔκρινεν
512 834 550 896 οῦ
571 834 627 913 τὴν
649 837 757 917 πρᾶξιν
780 836 887 915 μόνον,
917 834 990 897 ἀλλὰ
1013 834 1064 896 καὶ
1085 834 1140 913 την

126 931 246 993 ἔννοιαν
273 931 522 1019 προαναστέλλων.
569 933 640 1013 ὅπερ
668 924 723 994 οῦν
743 929 915 1013 Ἀμβακοὺμ
941 933 1141 1012 αἰνιττόμενος

126 1035 270 1109 παραινεῖ
296 1028 400 1110 λέγων·
432 1031 568 1111 καθαρὸς
599 1029 615 1092 ὁ
649 1027 808 1110 ὀφθαλμός
835 1048 890 1092 σου
917 1040 970 1092 τοῦ
998 1030 1040 1111 μὴ
1068 1027 1141 1112 δρῦν

128 1127 246 1208 πονηρὰ
268 1126 318 1188 καί
330 1127 508 1208 ’ἐπιβλέπειν
526 1127 574 1189 ἐπὶ
592 1129 706 1202 πόνους
724 1129 761 1190 οῦ
779 1129 905 1212 δυνήση.
941 1128 982 1189 ἔτι
1001 1127 1033 1190 δὲ
1051 1128 1141 1188 πάλιν

128 1226 292 1306 Σωκράτης
305 1226 505 1303 φυλάττεσθαι
523 1227 641 1308 σφόδρα
659 1225 709 1287 καί
724 1231 960 1308 παρατηρεῖσθαι
977 1225 1033 1304 τὴν
1050 1224 1140 1306 ἀκρα-
1155 1248 1182 1288 ιο

129 1325 196 1384 σίαν
219 1324 368 1385 διδάσκων
390 1323 462 1402 ἔφη·
489 1323 530 1404 μὴ
553 1334 717 1398 πεινῶντας
739 1325 805 1386 λίαν
829 1323 869 1403 μὴ
892 1323 1005 1386 ἐσθίειν
1027 1323 1077 1385 καί
1101 1322 1140 1403 μὴ

62 1501 65 1504 ἢ
129 1422 281 1499 διψῶντας
307 1420 401 1483 πολλὰ
428 1421 470 1501 μη
497 1423 604 1484 πίνειν.
653 1420 703 1484 καί
730 1422 786 1503 γάρ
814 1419 830 1482 δ
858 1423 961 1503 κῦριος
987 1421 1143 1504 ἐμακάρισε

128 1519 198 1593 τοὺς
223 1519 376 1592 τοιούτους
404 1519 542 1597 φάσκων·
576 1520 715 1602 μακάριοι
742 1521 774 1582 οί
798 1521 921 1601 πτωχοί,
949 1521 993 1582 δτι
1020 1518 1144 1600 ὑμετέρα

129 1614 249 1695 ἒστὶνὴ
278 1617 410 1696 βασιλεία
437 1627 490 1678 τοῦ
517 1623 593 1679 θεοῦ
619 1617 671 1679 καὶ
693 1619 832 1700 μακάριοι
855 1619 887 1679 οί
906 1627 1064 1690 πεινῶντες
1085 1627 1144 1678 νῦν

129 1712 178 1774 καί
202 1714 358 1793 διψῶντες,
381 1714 426 1776 ὅτι
447 1716 696 1797 χορτασθήσεσθε,
720 1716 770 1778 καί
791 1717 929 1797 μακάριοι
947 1718 979 1778 οί
993 1718 1143 1789 κλαίοντες
1157 1737 1184 1778 ισ

130 1820 198 1891 νῦν,
222 1811 267 1873 ὅτι
288 1812 426 1892 γελάσετε.

196 1915 266 1972 Ποῦ
293 1912 395 1972 τοίνυν
421 1911 497 1973 είσίν
524 1914 554 1974 οἳ
579 1911 632 1973 τὸν
654 1911 844 1993 ἁβροδίαιτον
866 1910 916 1972 καί
937 1911 1092 1992 τρυφηλάν
1114 1933 1143 1970 τε

131 2008 180 2070 καί
207 2007 363 2088 ἀνειμένον
392 2010 619 2089 μεταδιώκοντες
646 2012 715 2090 βίον
741 2009 791 2070 καί
818 2009 914 2088 ῶσπερ
942 2005 988 2070 ἐπ’
1010 2008 1144 2082 ἐξουσίας

130 2107 182 2168 τὸν
209 2105 322 2186 κόσμον
349 2106 461 2187 ἔχοντες
488 2106 583 2180 ἀδεῶς
609 2108 705 2168 πάντα
732 2106 836 2169 λοιπὸν
864 2101 933 2185 μεθ’
954 2104 1068 2185 ἡδονῆς
1094 2104 1144 2166 καί

131 2202 253 2287 γέλωτος
279 2203 329 2265 καί
356 2205 559 2286 αἰσχρολογίας
588 2204 638 2266 καί
662 2205 822 2285 διαχύσεως
844 2202 894 2264 καλ
916 2202 1047 2283 ἀφοβίας
1069 2208 1144 2263 θεοῦ
1159 2225 1185 2265 το

130 2312 256 2385 χρῶνται
283 2301 357 2383 πρὸς
384 2301 489 2383 κόρον,
516 2301 566 2364 καί
591 2313 708 2384 τρυφῆς
731 2301 831 2375 αὐτοῖς
853 2301 955 2382 καιρὸς
977 2301 1063 2374 δίπας.
1109 2309 1144 2384 τῇ

131 2398 187 2482 χάρ
210 2397 302 2482 ὀρέξει
323 2400 376 2461 τὸν
398 2400 503 2483 καιρὸν
526 2398 680 2481 ὁρίζονται,
703 2398 760 2461 κάν
782 2399 878 2462 ἕωθεν
901 2396 920 2477 ἡ
943 2400 1030 2477 πείνη
1054 2416 1145 2480 προσ-

204 2568 291 2617 9-12
303 2562 468 2617 Theodoret.
484 2564 500 2618 ί.
512 2564 529 2617 ί.
539 2563 591 2616 ΧΠ
608 2562 705 2633 Migne
720 2562 825 2617 11400.
841 2594 874 2602 -
893 2561 911 2617 Ι8
926 2561 997 2615 Hah.
1014 2567 1038 2630 1,
1054 2565 1095 2614 13.
1111 2592 1144 2601 -

135 2639 167 2688 ιο
186 2635 251 2689 Luc.
268 2640 292 2700 6,
307 2640 355 2702 ιο,
369 2641 411 2689 21.

204 2765 221 2812 5
240 2757 367 2814 ίατιόντα
381 2759 436 2813 MV
451 2757 566 2815 ἐσίωντα
581 2757 629 2813 CE
648 2755 803 2813 ελσίονταΒ
818 2755 976 2813 ἐπισείοντα
986 2757 1015 2810 θ’.
1032 2789 1065 2796 -
1080 2761 1096 2808 9
1112 2757 1146 2809 οῦ

133 2829 248 2898 δυνήσει
265 2830 318 2884 FM
340 2832 374 2885 οῦ
393 2830 492 2898 δυνήσι
511 2830 531 2885 O
550 2829 599 2894 οῦς
616 2829 732 2897 δυνήσει
750 2831 782 2884 Α.
803 2861 836 2870 -
857 2834 890 2883 14
907 2837 958 2883 τοῦ
976 2832 1048 2883 θεοῦ
1067 2825 1146 2881 BCD

133 2902 206 2956 ELP
227 2911 283 2957 τῶν
302 2904 431 2970 οάρανῶν
448 2902 508 2956 rell.
529 2934 562 2942 —
582 2907 615 2956 15
636 2902 686 2957 κοιλ
700 2904 730 2955 δι
755 2910 839 2964 ῶντες
857 2917 907 2955 ουτ.
924 2899 1025 2954 ALuc.
1046 2929 1079 2938 -
1098 2898 1147 2951 καί

133 2981 197 3028 ante
219 2973 353 3044 μακάριοι
375 2991 425 3028 ουν.
446 2973 543 3028 FLuo.
566 3005 602 3013 —
626 2978 659 3026 16
678 2976 809 3043 χολασατε
828 2972 850 3025 Ρ
872 2971 1043 3040 χελάτητεΒ
1067 2968 1147 3037 χολά-

134 3048 236 3099 σεσθαι
254 3046 291 3098 Μ.
320 3076 353 3085 -
383 3051 416 3099 18
436 3042 602 3110 ἐπεξουσίως
624 3045 646 3097 F
673 3041 841 3108 ῦπεξονσίας
862 3042 896 3097 N.
926 3075 959 3083 —
989 3047 1022 3096 19
1040 3040 1146 3110 πάντα]

133 3125 203 3170 πᾶσι
221 3116 244 3169 Β
263 3133 313 3172 om.
328 3116 361 3169 A.
386 3147 419 3157 -
443 3123 475 3170 21
495 3115 604 3187 καιρὸς]
627 3117 677 3169 καί
699 3113 782 3184 κόρος
800 3116 825 3168 A
847 3116 894 3169 sed
915 3113 949 3169 κά
972 3115 1044 3168 inter
1068 3113 1146 3167 scrib.

134 3188 251 3242 deletum
268 3189 323 3242 vid.
346 3185 430 3254 κόρος
446 3187 519 3242 ἐστίν
533 3187 562 3240 Ρ.
578 3219 612 3227 -
632 3193 665 3240 22
684 3186 776 3242 κάνΕ
795 3187 844 3240 καλ
858 3184 913 3242 OF.
929 3184 995 3254 -ἡ
1015 3182 1149 3252 σπείνηΡ

134 3258 152 3328 ἡ
171 3257 240 3328 πίνη
258 3260 314 3313 ΑΜ
336 3259 444 3328 είπεῖνη
464 3258 484 3314 O
507 3257 627 3328 ἡπείνα
644 3258 674 3311 V.
695 3291 728 3298 —
747 3255 914 3328 προσβάλλει
932 3255 1039 3310 AGMP
1061 3271 1147 3323 προσ-

134 3330 205 3402 βάλη
224 3330 273 3384 EV
295 3330 446 3402 προσβάλει
464 3330 524 3383 DF.

208 3461 222 3508 1
242 3454 309 3525 μήτε
327 3455 382 3525 μὴν
399 3454 531 3522 πράττειν
549 3455 579 3507 P.
599 3485 632 3494 -
658 3459 673 3507 6
692 3452 781 3524 μόνην
800 3452 829 3506 P.
850 3484 883 3492 —
909 3459 940 3506 11
961 3452 997 3522 μὴ
1020 3456 1084 3506 ante
1105 3452 1147 3504 δι-

136 3535 251 3595 ψῶντας
263 3543 313 3581 σοι.
328 3525 358 3579 P.
373 3557 409 3566 -
428 3532 461 3579 16
478 3524 578 3580 Ραάιί.
593 3524 659 3578 Luc.
674 3524 720 3592 VI,
735 3532 782 3590 24;
798 3530 840 3577 25.
855 3556 889 3564 -
904 3529 938 3577 20
953 3521 1068 3594 γέλωτος
1080 3525 1148 3577 πολ-

136 3597 216 3662 λάκις
234 3596 290 3668 ἅμα
310 3597 432 3668 αίσχρολ.
446 3597 476 3651 P.
497 3628 529 3636 —
549 3596 701 3667 διαχῦσεώς
718 3616 747 3651 τε
766 3596 815 3650 καί
832 3594 862 3649 P.
