2617 3909
530 216 720 268 XPONIKON
1068 215 1133 280 295

119 363 174 443 τὴν
201 360 327 425 Ἡσαΐου
363 365 555 445 προφητείαν.
602 362 678 443 φησί
710 365 777 446 γάρ·
810 363 861 426 καί
896 365 977 426 ἔσται
1007 365 1040 428 ἐν
1071 371 1135 440 ταῖς

120 461 252 544 ἐσχάταις
274 458 397 543 ἡμέραις
421 459 551 541 ἐμφανὲς
573 462 606 524 τὸ
630 459 699 543 όρυς
721 463 842 544 κυρίου,
866 462 915 525 καί
938 461 954 525 ό
978 458 1059 536 οίκος
1081 472 1135 524 τοῦ

119 566 196 622 θεοῦ
218 553 265 622 ἐπ’
290 558 391 642 άκρυν
417 568 476 620 τῶν
499 557 591 641 ὀρέων
618 559 670 621 καὶ
696 559 893 640 ὑψωθήσεται
914 560 1052 645 ῦπεράνο)
1075 570 1135 622 τῶν

120 660 251 739 βουνῶν,
272 657 325 719 καί
347 658 471 737 ἥξουσιν
494 652 539 719 ἐπ’
561 657 652 720 αὐτὸν
674 659 772 720 πάντα
792 658 829 719 τὰ
846 659 936 741 ἔθνη,
957 658 1008 722 καί
1026 660 1134 742 παρεό-

120 775 221 818 σονται
253 755 318 818 λαοί
349 754 452 818 πολλοὶ
478 755 528 817 καὶ
555 755 686 840 ἐροῦσιν·
717 755 814 837 δεῦτε,
846 756 1003 839 άναβῶμεν
1032 756 1075 831 είς
1101 756 1134 818 τὸ
1161 777 1174 818 5

120 854 189 936 ὅρος
211 855 318 936 κυρίου
340 853 390 915 καί
412 854 454 928 είς
476 852 528 916 τὸν
551 848 635 916 οἷκον
662 864 715 916 τοῦ
737 860 814 916 θεοῦ
833 850 948 936 Ἰακώβ,
969 854 1020 917 καί
1042 854 1135 937 άναγ-

119 957 200 1034 γελεῖ
212 949 286 1032 ἡμῖν
309 952 363 1032 τὴν
387 949 458 1013 ὁδὸν
481 951 588 1033 αὐτοῦ,
611 950 663 1012 καί
685 952 896 1033 πορευσόμεθα
917 953 951 1016 ἐν
972 954 1057 1039 αίπῇ.
1102 953 1135 1015 ἐκ

118 1050 175 1133 γὰρ
198 1048 282 1112 Σιὼν
304 1049 480 1124 ἐξελεύσεται
507 1050 599 1129 νόμος
626 1049 676 1111 καὶ
703 1051 790 1131 λόγος
811 1052 918 1132 κυρίου
941 1051 970 1125 ἐξ
987 1047 1135 1133 Ἰερουσα-

120 1148 192 1228 λήμ,
220 1147 270 1210 καὶ
292 1154 390 1231 κρινεῖ
407 1147 465 1209 άνδι
488 1146 578 1228 μέσον
600 1148 707 1210 ἐθνῶν
723 1154 841 1212 πολλῶν
863 1148 914 1211 καί
935 1149 1042 1230 ἐλέγξει
1063 1149 1135 1210 λαὸν

119 1246 222 1310 πολύν.
268 1245 318 1307 καί
350 1244 538 1328 συγκόψουσι
569 1245 620 1319 τὰς
652 1248 796 1328 μαχαίρας
827 1247 926 1309 αὐτῶν
957 1247 999 1320 είς
1026 1245 1135 1329 άροτρα
1149 1268 1175 1308 1⁰

118 1343 169 1406 καὶ
192 1343 244 1418 τὰς
267 1344 388 1424 ζιβόνας
411 1343 510 1404 αὐτῶν
533 1343 575 1418 είς
598 1343 739 1425 δρέπανα,
764 1343 814 1405 καί
837 1346 874 1407 οῦ
897 1345 1023 1424 λήψεται
1044 1345 1135 1418 ἔθνος

121 1438 168 1505 ἐπ’
194 1442 285 1517 ἔθνος
308 1441 465 1524 μάχαιραν,
488 1440 538 1502 καί
561 1441 597 1503 οῦ
621 1441 663 1522 μὴ
687 1442 825 1521 μάθωσιν
848 1443 889 1505 ἔτι
910 1448 1057 1523 πολεμεῖν.

184 1535 323 1602 Ἰουδαῖοι
351 1538 397 1620 δέ,
428 1537 504 1618 φησί
535 1539 739 1620 Θεοδῶρητος,
774 1541 961 1619 πλανώμενοι
988 1539 1056 1621 περί
1082 1549 1135 1621 τῆς

117 1638 152 1701 ἐκ
183 1640 363 1718 Βαβυλῶνος
394 1637 543 1700 ἐπανόδου
580 1636 675 1716 φασίν
705 1636 845 1719 εἰρῆσθαι
876 1648 971 1700 τοῦτο.
1016 1637 1067 1699 καί
1098 1638 1135 1700 οῦ

117 1743 236 1814 θαῦμα
261 1733 301 1809 ῶς
323 1735 378 1818 γάρ
402 1735 434 1798 ἐν
457 1741 521 1808 ταῖς
542 1740 659 1808 λοιπαῖς
682 1736 913 1814 διασφάλλονται
930 1738 1134 1817 προφητείαις,
1149 1756 1174 1797 ισ

118 1834 197 1896 οῦτοι
224 1831 390 1915 κάνταῦθα.
435 1839 507 1894 ποῖα
533 1831 588 1915 γάρ
616 1833 695 1912 ἔθνη
721 1834 882 1908 πελάζοντα
903 1833 954 1896 καί
976 1834 1135 1915 πόρρωθεν

117 1929 309 2017 ἀπῳκισμένα
339 1930 409 2010 μετά
439 1931 495 2011 τὴν
526 1931 675 1994 ἐπάνοδον
701 1930 887 2012 συνέδραμον
914 1931 958 2004 είς
983 1931 1036 1993 τὸν
1060 1925 1134 1994 Ἰου-

118 2029 212 2092 δαίων
234 2029 309 2091 ναὸν
331 2029 383 2091 τὸν
405 2028 527 2091 ἐκείνων
549 2027 743 2108 άσπασάμενα
764 2029 859 2108 νόμον
880 2029 930 2090 καί
947 2029 1000 2091 τὸν
1017 2028 1134 2090 ἐκεῖθεν

116 2127 352 2208 ἐκπορευόμενον
379 2125 572 2208 ἀγαπήσαντα
599 2124 702 2207 λόγον,
729 2125 779 2186 καί
806 2124 872 2207 οὐχί
900 2131 1011 2206 μᾶλλον
1033 2125 1135 2200 αὐτοῖς
1149 2149 1189 2189 κιο
1203 2149 1234 2188 Μ.

115 2225 321 2301 ἐναντιοῦντο;
352 2223 423 2303 μετὰ
449 2223 504 2306 γὰρ
532 2223 587 2302 τὴν
614 2222 674 2286 άπὸ
701 2225 881 2304 Βαβυλῶνος
907 2223 1056 2286 ἐπάνοδον
1082 2223 1175 2287 καίεο

116 2321 186 2403 Γῶγ
208 2321 258 2383 καί
281 2321 401 2404 Μαγῶγ
424 2321 494 2402 μετὰ
516 2323 661 2384 πλείσταν
684 2321 786 2384 ἐθνῶν
808 2321 1039 2403 ἐπεστράτευσαν
1057 2315 1133 2384 Ἰου-

115 2453 331 2467 -ω--η--ι-

188 2535 273 2583 1-12
291 2529 347 2584 δυσ.
363 2535 388 2596 2,
399 2535 476 2599 νεαρ.
496 2530 531 2596 cf.
546 2527 713 2584 Theodoret.
733 2527 830 2583 Graec.
850 2527 896 2582 aff.
918 2546 974 2584 eur.
991 2529 1017 2583 X
1035 2529 1132 2601 Migno

113 2601 192 2656 Tom.
213 2607 260 2669 88,
281 2606 357 2655 1076.
387 2631 419 2642 -
445 2605 558 2654 13-16
578 2600 690 2656 Similia
708 2599 901 2654 Theodoretus
924 2601 955 2654 in
973 2600 1132 2656 Michaeam

112 2679 151 2799 3
160 2678 235 2797 11-7-631
248 2673 345 2796 l{ligno
363 2671 441 2726 Tom.
461 2676 509 2740 81,
529 2677 597 2726 1760
607 2670 640 2724 Ι).
666 2702 700 2713 -
728 2677 831 2742 ισ-μ.
847 2677 913 2739 296,
929 2678 944 2727 6
964 2672 1130 2728 Theodoret.

130 2928 133 2933 '
188 2925 203 2974 7
222 2921 369 2991 πορευσῶ
370 2923 425 2974 sva
442 2917 603 2974 ACHLMV
621 2927 646 2976 ιι
664 2937 734 2975 rece
750 2920 928 2992 quidam-
953 2921 1046 2976 θάνα
1068 2920 1133 2976 ίσον

112 2992 196 3046 codd
218 2997 329 3062 praeter
350 2942 497 3045 Bcv.-
524 2995 633 3046 πολλῶν
660 2992 754 3047 ἐθνῶν
777 2992 802 3045 Α
829 2993 939 3046 πολλῶν
966 3008 1017 3047 om.

114 3069 147 3118 11
169 3063 262 3118 αὐτῶν
284 3080 334 3118 σοι.
354 3063 465 3116 FR-
490 3068 523 3116 14
542 3064 628 3132 φησίν
652 3061 711 3133 (καί
723 3078 821 3152 φησιν
840 3062 871 3132 (ί)
895 3063 1027 3132 εἰρῆσθαι
1050 3070 1133 3117 τοῦτο

111 3131 161 3188 AO
187 3134 236 3202 είρ.
252 3141 333 3189 τοῦτο
352 3133 397 3204 λέγ
400 3133 583 3189 ουσινΒ.-
608 3139 640 3188 16
660 3132 826 3199 πελάζονται
845 3132 983 3189 ORV-
1010 3138 1042 3187 17
1063 3134 1134 3188 ἀπο-

112 3223 180 3275 κισμ
181 3203 232 3260 ένα
247 3202 293 3259 CL
308 3212 333 3260 et
346 3206 371 3258 A
386 3206 425 3260 lit.
441 3222 474 3261 απ
487 3206 582 3260 άποικ.
598 3203 738 3279 ᾠκισμένα
752 3205 833 3258 R.—
853 3205 903 3259 τὸν
921 3212 977 3258 τῶν
997 3201 1134 3259 ίυυδαίιον

112 3226 180 3331 Βλίμ
183 3285 238 3331 τῶν
253 3276 325 3331 ίουδ
341 3278 401 3346 (ουκ
416 3277 572 3347 τδν)Α.-
593 3281 625 3330 18
644 3277 694 3332 τὸν
713 3274 857 3332 ἐκεῖνονλῚ
875 3284 932 3330 τῶν
946 3273 1062 3330 ἐκείνων
1076 3275 1132 3330 ΑΡ.

113 3379 149 3390 -
170 3346 351 3418 ἀσπασόμενα
369 3349 392 3419 (-
380 3349 503 3417 -σῶμενα
520 3347 551 3417 F)
566 3347 611 3401 FP
633 3347 828 3416 ἀσπασάμενοι
847 3345 868 3401 C
891 3343 1080 3416 ἀσπαζόμενοι
1098 3346 1132 3400 R.

112 3451 149 3460 -
169 3425 204 3472 20
222 3419 407 3488 ἠναντιοῦντο
427 3419 448 3473 V
472 3419 667 3474 ἐναντιοῦνται
685 3417 708 3472 Ρ
726 3426 751 3473 et
769 3419 790 3471 L
809 3423 841 3474 υί
858 3419 912 3473 vid
929 3419 968 3473 lit.
984 3435 1052 3474 corr.

190 3603 222 3650 19
242 3595 424 3667 άγαπόσοντα
444 3596 472 3650 Ρ.
