2617 3909
177 246 241 312 196
491 247 677 300 mmor
695 244 878 302 Momor

175 420 259 478 μενοι
281 396 331 458 καί
354 394 427 478 μίχα
450 404 632 478 φρονοῦντες
654 393 705 456 καί
727 394 960 478 ἐναβρυνόμενοι
982 395 1097 477 ἔλεγον·
1121 397 1198 470 ναὸς

174 496 291 578 κυρίου,
313 493 386 568 ναδς
407 495 526 575 κυρίου,
547 493 620 568 ναός
642 493 758 576 κυρίου.
794 491 845 554 καί
867 493 922 576 γὰρ
943 492 960 557 ό
979 493 1197 574 διαταξάμενος

174 592 247 667 θεὸς
281 591 430 654 ἐκέλευσεν
466 590 558 654 αότδν
590 590 662 671 μετὰ
698 592 867 671 φιλοτιμίας
899 590 1039 673 γενέσθαι
1071 597 1196 673 πολλῆς,

175 688 278 769 ἐπειδή
300 688 432 751 κάκεῖνοι
453 695 515 763 τοῖς
538 695 715 769 σωματικοῖς
737 694 848 769 μᾶλλον
868 687 1039 768 ἐφείλκοντο
1058 689 1110 751 καί
1128 689 1197 752 ἐπε-

148 798 301 852 σσπῶντο.
346 786 396 849 καί
419 787 477 850 οόκ
498 787 530 849 ἐν
553 787 647 874 τούτῳ
671 787 765 866 μόνον
788 787 895 866 σεμνὸς
916 779 966 867 ήν,
989 785 1063 848 ἀλλὰ
1084 787 1136 849 καί
1161 787 1196 850 ἐν

175 893 215 970 τῷ
243 879 285 959 είς
317 879 393 946 είναι
424 885 475 947 καί
506 884 597 965 μόνος
625 884 657 946 ἐν
685 891 724 970 τῷ
750 885 859 971 κόσμῳ,
907 886 939 948 οί
962 884 1018 968 γὰρ
1045 884 1106 947 ἀπὸ
1134 895 1197 948 τῶν

174 983 308 1065 περάτων
339 992 392 1063 τής
423 992 479 1065 γής
510 983 602 1046 ἐκεῖσε
633 981 759 1066 ἤρχοντο
791 981 841 1044 καί
873 984 996 1063 μάλιστα
1024 982 1095 1063 μετὰ
1123 984 1197 1059 τοὺς

175 1080 326 1161 μετέπειτα
356 1081 491 1162 χρόνους.
536 1079 587 1142 καί
617 1090 704 1144 τοῦτο
734 1081 834 1160 δηλῶν
866 1079 882 1144 δ
908 1086 1033 1156 Λουκᾶς
1064 1082 1097 1144 ἐν
1129 1088 1198 1157 ταῖς

174 1180 314 1262 πράξεσιν
336 1179 444 1261 ἐίεχεν·
468 1171 545 1259 ήσαν
568 1177 633 1240 ἐκεῖ
651 1179 774 1258 Πάρθοι
799 1178 849 1240 καί
872 1180 980 1260 Μήδοι
1002 1178 1052 1241 καί
1075 1182 1197 1260 Ἐλαμῐ-

135 1297 162 1338 ιο
177 1302 224 1340 ται
246 1277 296 1339 καί
318 1279 351 1339 οί
371 1285 576 1352 κατοικοῦντες
598 1275 654 1356 τήν
672 1278 911 1357 Μεσοποταμίαν
926 1273 1076 1340 Ἰουδαίαν
1094 1301 1124 1340 τε
1143 1277 1196 1340 καί

174 1377 394 1438 Καππαδοκίαν
412 1375 533 1437 Πόντον
555 1373 606 1436 καί
626 1375 682 1455 τήν
698 1368 808 1436 Ἀσίαν
829 1377 965 1458 Φρυγίαν
983 1399 1013 1438 τε
1030 1375 1081 1438 καί
1100 1380 1193 1456 Παμ

176 1475 288 1552 φυλίαν
310 1474 467 1555 Αίφταττον
488 1471 539 1534 καί
561 1471 597 1534 τδι
620 1471 693 1555 μέρη
716 1482 769 1552 τής
787 1473 908 1554 Λιβύης
925 1483 979 1554 τής
996 1473 1070 1535 κατὰ
1087 1475 1195 1556 Κυρή-

174 1594 241 1650 νην.
287 1571 319 1632 οί
339 1563 396 1632 οὖν
418 1579 569 1652 πανταχοῦ
591 1579 644 1650 τής
671 1568 850 1650 οἰκουμένης
871 1571 936 1633 ἐκεῖ
953 1571 1120 1654 συνήγοντο
1143 1571 1201 1634 καί

174 1668 421 1749 πολυθρόλλητον
448 1666 525 1749 άγαν
551 1667 601 1729 καί
628 1669 790 1749 διαβόητον
817 1668 954 1751 ἐτύγχανε
981 1679 1035 1732 τοῦ
1060 1679 1137 1731 ναοῦ
1160 1671 1195 1734 τὸ
1290 1743 1291 1762 ρ

135 1786 161 1827 ιτ
176 1763 280 1845 ὄνομα,
301 1762 358 1826 κᾶν
381 1765 533 1847 διαφόρως
555 1766 706 1845 κατελύθη
728 1764 780 1827 καί
801 1767 890 1828 πάλιν
908 1761 1090 1852 ᾠκοδομήθη
1111 1766 1197 1850 μέχρι
1290 1771 1291 1814 ί

174 1872 228 1942 τής
250 1862 372 1944 ἐσχάτης
395 1862 488 1926 αὐτοῦ
516 1864 736 1938 καταπτώσεας.
781 1863 831 1926 καί
853 1861 954 1938 ἁπλῶς
977 1865 1032 1928 ὅσα
1054 1862 1074 1944 ή
1097 1870 1196 1928 Σολο-

175 1969 290 2041 μῶντος
311 1961 503 2024 κατεσκεύασε
525 1963 619 2041 σοφία
641 1964 681 2046 τῷ
702 1962 850 2047 θεσπεσίῳ
870 1957 923 2037 Ἰεζ
906 1963 1003 2043 ζεκιήλ
1026 1955 1121 2025 ὦπται
1141 1981 1196 2026 σα-

176 2068 242 2139 φῶς
264 2059 335 2140 μετὰ
361 2060 416 2140 τήν
443 2060 652 2143 καταστροφήν
678 2083 731 2140 της
757 2059 871 2134 πόλεως
892 2059 943 2121 καί
965 2069 1018 2123 τοῦ
1041 2070 1117 2123 ναοῦ
1140 2061 1193 2123 καί

84 2225 87 2230 ,
175 2156 230 2236 τήν
252 2158 295 2232 είς
316 2160 483 2238 Βαβυλῶνα
505 2167 559 2220 τοῦ
581 2162 656 2220 λαοῦ
679 2157 842 2237 αίχμαλωσί
841 2182 886 2220 αν.

136 2277 163 2316 το
237 2250 341 2317 Ὁτοί
339 2279 396 2317 νυν
419 2255 565 2336 Σολομὼν
586 2256 715 2335 ποιήσας
736 2255 929 2373 ἐλεφάντινον
952 2257 1066 2340 θρόνον
1089 2257 1123 2319 ἐκ
1141 2281 1192 2337 με·

175 2352 274 2434 γάλοιν
301 2351 480 2420 addam*
461 2376 565 2434 εχοντα
591 2353 731 2434 βαθμοὺς
759 2373 777 2424 ς
782 2351 864 2414 ’καί
894 2353 1045 2435 προτομάς
1071 2355 1191 2436 μόσχων

78 2473 118 2513 τεν
131 2472 163 2513 οι,
173 2449 210 2511 ἐκ
231 2459 290 2511 τῶν
313 2448 408 2514 ότιίσω
432 2450 525 2514 αὐτοῦ
547 2451 637 2513 ἐνθεν
660 2450 711 2513 καί
733 2451 823 2514 ἐνθεν
840 2450 891 2519 καί
909 2449 1028 2526 λέοντας
1047 2449 1091 2533 ιβ’
1109 2451 1194 2534 ἐστη-

177 2547 265 2620 κότας
286 2546 368 2630 παρὰ
389 2548 441 2622 τὰς
462 2554 561 2631 χεῖρας
582 2547 633 2610 καί
660 2547 767 2623 ἄλλους
790 2545 834 2629 ιβ’
857 2547 975 2624 λέοντας
997 2549 1121 2624 ἑστῶτας
1144 2550 1194 2613 ἐπί

177 2645 288 2718 τῶνῖξ
273 2643 589 2726 ξάναβαθμῦνέκαι
534 2645 704 2729 καιέρωθεν
722 2646 952 2767 περιεχρόσωσεν
971 2647 1062 2710 αὐτόν
1080 2647 1190 2734 χρυσίον

138 2741 343 2826 εεδοκίμφ,”
325 2763 396 2825 οπερ
420 2742 456 2804 06
479 2742 599 2863 χέχονεν
622 2745 699 2807 οὕτω
723 2745 803 2829 πόση
826 2746 960 2830 βασιλεία
980 2745 1106 2808 πώποτε.

178 2828 202 2924 ᾧ
229 2840 428 2920 καθεζόμενος
459 2839 529 2920 μετδι
561 2847 695 2923 λαμπρᾶς
727 2841 777 2904 καί
807 2846 1016 2916 πολυτελοῦς
1018 2745 1156 2923 ἐσθῆτοςέ
1156 2770 1194 2904 φό

250 3020 890 3094 9A0t.Ap.‚29.-20111..Regg1018.

252 3181 334 3236 1καλ
356 3179 472 3252 μίχα-
482 3179 700 3254 ἐναβρυνόμενοι
723 3198 774 3236 om.
794 3181 951 3236 cFLR-
974 3184 1024 3238 καλ
1046 3188 1111 3240 ante
1129 3178 1190 3238 ἐνα-

180 3251 347 3324 βρυνόμενοι
367 3270 418 3309 om.
438 3252 549 3307 GV-
574 3252 678 3314 ὃθεὸς
699 3270 750 3309 σοι.
770 3251 933 3308 GFLR-
956 3253 1144 3310 4ἐπεσπόνιο
1162 3252 1192 3310 Μ

181 3322 364 3378 ἐπέπωντοῦ
387 3322 526 3394 ἐφίκοντο
539 3324 566 3377 R
584 3322 732 3391 ἐτέρποντο
745 3323 834 3379 V.-
852 3330 869 3379 5
888 3324 975 3392 μόνον
993 3343 1027 3380 m
1043 3333 1146 3382 lcorr.
1160 3343 1194 3381 εκ

180 3393 356 3463 μόνοννΡμ
358 3345 423 3467 όνφ
432 3394 628 3449 BFLMV-
650 3399 728 3470 6τῷ
747 3395 906 3451 είσεϊναιῦ
929 3392 969 3460 είς
987 3413 1038 3454 om.
1058 3396 1191 3453 CFLNR.

182 3495 215 3503 -
236 3468 269 3517 15
288 3449 465 3535 οἰκοδομήθη
484 3466 592 3519 PR-
612 3471 647 3519 24
665 3451 717 3521 καλ
732 3467 951 3539 περιεχρόσωσεν
971 3466 1027 3523 01⁴¹

255 3627 269 3674 1
289 3641 370 3690 φρον.
386 3623 572 3695 ἐναβρόνοντο
591 3623 704 3695 σφόδρα
722 3623 848 3696 λέγοντες
864 3627 894 3681 P.
