2617 3909
525 234 737 287 ‚PRAEFATIO
1092 234 1144 292 XV

117 387 204 448 tione
223 383 352 459 exhibet,
372 386 483 445 temere
502 384 647 460 quattuor
664 382 757 443 libros
775 382 922 457 distinxit,
943 385 976 443 in
995 382 1095 443 oodioe
1112 380 1144 441 A

118 474 238 534 nnllam
265 475 387 549 poterat
412 474 547 534 invenire
574 472 748 550 vestigium
779 492 879 549 neque
907 474 987 540 enim
1016 490 1144 548 usquam

118 565 241 641 praeter
262 563 363 621 locum
388 562 476 621 illum
499 581 589 639 quem
616 579 709 638 supra
732 561 856 623 laudari
871 582 907 638 p.
926 563 980 637 43,
1000 566 1039 621 11
1064 579 1144 621 nova

118 652 255 715 chronici
271 670 343 729 pars
359 652 518 712 indicatur.
557 649 665 728 Capita
683 668 744 709 non
761 651 996 729 distinguuntrr.
1034 648 1142 720 Quam·

120 760 215 818 quam
235 743 269 801 in
291 742 426 818 margine
444 740 559 801 multae
582 742 702 800 exstant
723 739 828 800 breves
847 741 1018 818 argumenti
1040 739 1143 799 aduin-

113 831 283 906 brationes,
306 829 420 889 mutae
447 829 678 894 exclamationes
701 830 762 889 alia
789 832 854 889 eius
877 830 992 907 generis
1015 830 1144 909 maxime

117 924 153 979 in
181 920 263 979 foliis
289 922 306 977 1
331 938 425 995 usque
448 918 487 979 ad
511 920 552 979 32
581 922 612 977 et
637 921 671 978 in
693 918 746 993 iis,
772 919 881 995 quibus
903 918 1020 980 Pbooae
1048 918 1143 994 impe·

119 1012 203 1069 rium
225 1009 403 1068 continetur.
449 1007 508 1069 Sed
529 1009 743 1085 praeterquam
765 1008 846 1083 quod
870 1026 1017 1068 novorum
1038 1026 1143 1085 regnor

116 1118 189 1159 rum
218 1099 250 1157 et
271 1099 466 1174 imperiorum
491 1097 582 1157 initia
605 1114 699 1172 aeque
722 1099 879 1172 notantur,
906 1099 1039 1174 capitum
1066 1115 1144 1173 quae

116 1186 283 1247 Muraltius
309 1186 547 1264 repraesentavit
574 1186 785 1262 inscriptiones
816 1205 886 1247 raro
915 1186 1034 1248 eosdem
1063 1186 1143 1245 locos

120 1276 272 1351 obtinent,
298 1294 366 1337 raro
388 1276 496 1337 iisdem
518 1274 617 1337 verbis
642 1294 798 1353 expressae
821 1278 900 1350 sunt,
923 1274 1032 1351 quibus
1053 1277 1144 1333 notae

118 1367 193 1427 illae
216 1366 406 1445 marginales.
445 1365 579 1436 Quarum
602 1364 724 1442 quidem
745 1382 817 1441 pars
834 1365 994 1425 maiiesto
1012 1366 1144 1424 veterem

119 1454 226 1531 prodit
251 1472 389 1529 manum,
419 1473 480 1515 uon
509 1456 652 1530 primam,
684 1473 752 1514 curn
783 1455 934 1531 seriptura
960 1453 1067 1516 similis
1095 1456 1144 1530 sit,

121 1546 326 1605 atramentum
355 1544 452 1603 multo
484 1544 597 1605 fuscim
629 1563 721 1619 quam
750 1562 810 1619 quo
841 1547 941 1603 textus
972 1546 1004 1603 et
1029 1544 1144 1606 multae

120 1636 212 1693 notae
243 1634 425 1711 marginales
456 1634 586 1709 scriptae
616 1636 695 1694 suut
740 1632 866 1693 Librum
897 1634 989 1693 etiam
1021 1652 1057 1692 ex
1084 1645 1144 1710 qu'o

120 1722 215 1783 codex
236 1719 268 1780 A
294 1722 384 1785 fluxit,
407 1725 495 1783 notas
521 1722 663 1782 habuisse
694 1723 877 1803 marginales
908 1722 978 1783 inde
1005 1722 1145 1798 effioitur,

123 1811 205 1889 quod
228 1810 391 1875 nonnullae
412 1813 445 1871 in
462 1813 580 1871 textum
601 1812 792 1887 irrepserunt
829 1812 910 1877 Raro
928 1812 1145 1888 posterioribus
1243 1820 1246 1826 '

117 1899 309 1978 ,temporibus
335 1900 475 1961 emuncti
501 1901 561 1961 loci
581 1901 729 1976 restituti,
757 1919 827 1963 raro
853 1900 962 1961 menda
988 1902 1144 1980 orthogra-

121 1991 213 2067 phica
236 1992 370 2051 correcta
391 1993 469 2052 sunt.
511 1989 679 2051 Insolenier
699 2010 729 2066 p.
749 1992 823 2066 474,
845 1992 885 2050 15
909 2010 986 2067 quae
1004 1991 1037 2051 in
1059 1993 1145 2051 textu

115 2079 232 2139 desunt
262 2078 355 2139 verba
385 2076 440 2157 silc
473 2074 505 2139 dt
536 2077 720 2157 καθεκτικὴν
751 2081 957 2139 recentissima
988 2098 1081 2139 manu
1111 2082 1145 2140 in

121 2170 259 2247 margine
282 2169 422 2245 suppleta
444 2170 522 2229 sunt
568 2168 659 2228 Liber
686 2172 732 2229 est
753 2168 983 2246 diligentissime
1005 2170 1146 2245 scriptus,

121 2258 276 2319 rarissime
303 2257 563 2317 homoeoteleuton
591 2257 701 2332 effecit,
733 2261 770 2317 ut
798 2259 1022 2319 enuntiatorum
1050 2259 1144 2333 parti-

124 2346 210 2407 culae
243 2346 426 2421 exciderent,
461 2348 574 2425 integri
605 2365 708 2407 versus
744 2348 896 2407 rarissime
932 2346 1034 2408 omissi
1066 2350 1146 2408 sunt.

123 2435 183 2496 Res
207 2435 455 2512 orthographicas
473 2438 505 2496 et
523 2438 663 2497 accentus
679 2436 823 2496 librarius
841 2455 988 2512 perquam
1004 2437 1144 2515 neglexit.

123 2525 169 2584 Ac
192 2526 311 2601 saepius
333 2524 421 2584 binas
443 2527 531 2603 ponit
548 2528 745 2585 consonantes
767 2528 801 2585 λλ
823 2528 855 2585 et
875 2548 914 2586 νν
935 2545 991 2603 pro
1009 2527 1147 2604 singulis,

124 2614 259 2692 singulas
287 2636 304 2694 ρ
332 2617 363 2672 et
392 2616 561 2692 o-saepius
591 2633 647 2691 pro
679 2614 766 2675 binis.
812 2613 929 2675 Deinde
959 2616 1094 2676 rooalem
1122 2637 1147 2678 ω

124 2702 299 2780 saepissime
320 2705 408 2779 ponit
429 2722 484 2780 pro
508 2723 524 2763 o
547 2703 654 2764 mediis
672 2705 704 2763 in
722 2703 831 2780 verbis,
852 2706 982 2766 maxime
999 2706 1032 2765 in
1049 2706 1146 2764 nomi-

124 2792 213 2852 nibus
230 2793 372 2869 propriis,
385 2792 489 2875 (neue
505 2792 617 2870 ubique
634 2792 697 2852 fere
717 2793 822 2854 scribit
839 2792 1020 2875 Νεστώριος,
1038 2796 1146 2853 Mose-

125 2880 244 2960 δώνιος,
264 2874 453 2959 Mercator,
473 2875 640 2961 Ἀντίωχος,
658 2874 837 2962 Ἀντιῶχεια,
859 2901 949 2959 saepe
969 2881 1147 2959 secederes,

125 2971 242 3047 semper
268 2970 331 3029 fere
357 2966 484 3051 ἀγνωεῖν
510 2963 601 3053 alia),
627 2973 757 3048 primam
783 2972 919 3032 litteram
941 2993 958 3032 o
981 2973 1149 3032 commutat

125 3078 194 3119 oum
218 3081 255 3135 to,
278 3060 374 3119 veluti
396 3060 500 3121 scribit
522 3056 657 3139 ὀνόμασα
680 3062 741 3121 alia
762 3061 795 3120 id
818 3080 926 3140 genua
949 3064 980 3120 et
1003 3079 1144 3138 augmen·

125 3152 191 3209 tum
218 3149 394 3226 plerumque
415 3149 557 3228 neglegit
603 3150 681 3209 Tum
707 3150 869 3210 admodum
900 3169 987 3227 saepe
1014 3171 1041 3209 ει
1067 3151 1099 3209 et
1125 3171 1147 3227 η

125 3239 255 3297 maxime
273 3239 306 3297 in
323 3238 537 3299 vocabulorum
554 3238 613 3299 fine
636 3242 817 3315 commiscet,
838 3242 874 3299 ut
895 3238 1053 3299 modorum
1070 3257 1147 3319 sern-

127 3346 180 3403 per
202 3326 363 3387 indicativi
385 3330 417 3387 et
438 3328 621 3389 coniunctivi
643 3330 757 3389 formae
780 3328 929 3404 quaedam
946 3330 998 3388 vix
1018 3327 1149 3389 discerni

128 3419 247 3491 queant.
293 3408 511 3493 Byzantinismi
532 3417 660 3494 denique
687 3417 810 3494 quidam
836 3419 870 3477 in
897 3418 962 3478 solo
991 3416 1049 3479 hoc
1069 3416 1148 3476 libro

120 3504 322 3573 ¹inveniuntur
347 3506 444 3569 veluti
470 3505 652 3587 σαράκοντα,
680 3504 871 3586 deposceris,
899 3506 954 3565 alii
974 3523 1029 3581 per
1048 3505 1147 3564 totum

127 3594 238 3653 librum
260 3594 385 3671 dispersi
405 3598 487 3672 sunt,
515 3597 567 3672 qui
589 3597 622 3658 in
644 3596 768 3670 reliquis
789 3592 876 3655 libris
903 3595 936 3652 in
962 3594 1000 3652 iis
1027 3594 1146 3652 tantum
