2617 3909
578 243 779 293 PRAEFATIO

437 390 484 453 διὸ
507 389 557 451 καλ
581 388 596 451 ὃ
620 390 690 451 cetzo
713 390 845 469 ζηλώσας
868 388 924 450 ἀττέ

434 485 501 551 θεῖς
524 478 576 540 τὸν
599 478 675 540 θεὸν
698 479 833 557 οἰόμενος

434 567 470 630 τὰ
492 568 760 650 πρωτογεννήματα

433 656 489 740 γὰρ
513 656 563 717 καὶ
586 657 603 717 ἕ

176 750 248 809 Post
274 750 413 808 leeunem
439 750 651 824 interpositam
678 750 777 807 textus
809 750 844 806 ut
875 750 908 805 in
934 748 1085 823 plerisque
1111 748 1199 807 libris

178 838 308 898 ererbo
337 829 548 919 ἕπταλττλασίως
574 859 603 914 p.
628 838 662 911 8,
684 838 724 895 13
748 837 845 896 denuo
867 837 982 912 incipit.
1029 836 1127 896 Locus
1150 838 1200 896 hic

175 928 300 987 mutilus
333 946 349 986 e
376 926 589 985 vetustioribus
617 926 702 985 libris
733 928 822 985 initio
855 930 885 985 et
916 926 948 985 in
975 925 1034 985 fine
1066 927 1202 1003 suppleri

175 1020 290 1094 potest3
317 1016 416 1075 media
443 1034 527 1092 pars,
554 1016 587 1074 id
615 1015 695 1091 quod
717 1014 784 1073 fieri
805 1015 882 1073 solet
908 1010 941 1073 in
968 1015 1015 1073 his
1039 1016 1200 1089 codicibus,

176 1106 361 1182 interpolate
390 1107 443 1164 est.
489 1106 525 1164 Iu
556 1104 721 1165 recentiore
753 1103 863 1164 codicis
892 1104 1132 1164 Vindobonensis
1156 1108 1200 1164 40

176 1198 276 1271 parte,
310 1214 386 1271 queo
415 1214 450 1253 er
477 1195 570 1253 simili
599 1194 677 1254 libro
705 1194 867 1269 archetypo
893 1194 993 1269 fluxit,
1025 1196 1201 1271 incorrupta

176 1285 270 1344 verba
293 1285 371 1342 unde
393 1285 515 1343 restitui
536 1286 636 1359 potest
665 1286 783 1343 exstent
807 1284 894 1341 hoec:
921 1291 1008 1342 τοῦτο
1032 1278 1064 1343 δὲ
1087 1280 1200 1363 ἐγένετο

169 1372 312 1453 ιωανερὸν
344 1370 394 1431 orei
426 1380 479 1431 τοῦ
506 1369 721 1443 ἀποσταλέντος
748 1370 918 1451 οὐρανόθεν
945 1369 1040 1450 πυρὸς
1071 1371 1114 1444 εἰς
1145 1371 1202 1449 τὴν

169 1471 237 1523 τῶν
265 1457 522 1541 προσενεχθέντων
550 1458 708 1520 ἀνάλωσιν.
754 1458 801 1520 διὸ
833 1457 884 1519 καλ
912 1456 928 1519 ὁ
955 1461 1036 1520 Koite
1069 1460 1202 1537 ζηλώσας

171 1547 329 1611 ,ἀπέκτεινε
348 1548 400 1609 τὸν
411 1547 499 1628 ’Ἅβελ
517 1548 637 1628 κρύψας
656 1547 748 1609 αὐτὸν
768 1547 801 1609 ἐν
819 1557 855 1632 τῇ
873 1558 912 1632 γῇ
931 1553 1037 1609 λαθεῖν
1055 1548 1108 1609 τὸν
1125 1549 1202 1611 θεὸν

173 1638 323 1717 οἰόμενος.
369 1639 462 1697 Index
486 1639 619 1714 capitum
643 1656 737 1714 usque
761 1639 799 1697 ad
821 1639 950 1699 Romani
972 1638 1123 1716 Looapeni
1146 1640 1202 1697 im·
1301 1671 1302 1680 τ

178 1731 295 1806 perium
322 1728 466 1804 pertinet,
493 1729 558 1803 ipse
585 1721 661 1787 liber
688 1730 721 1786 in
747 1728 902 1788 Michaelis
925 1729 972 1787 lII
998 1729 1124 1805 imperio
1151 1729 1203 1788 de·
1301 1725 1302 1794 ζ

178 1819 280 1878 ficiens
300 1816 421 1895 Georgii
439 1820 559 1875 tantum
577 1817 738 1876 chronicon
751 1817 870 1876 exhibet
887 1819 951 1877 sine
968 1820 1202 1877 continuatione.
1301 1811 1302 1848 ἕ

181 1908 389 1983 subscriptum
408 1908 453 1965 est
470 1902 526 1977 ἕως
545 1896 601 1966 ὧδε
620 1903 656 1965 τὰ
672 1904 795 1985 χρονικὰ
808 1907 958 1987 Γεωργίοο
977 1904 1026 1966 καὶ
1044 1914 1098 1966 τοῦ
1116 1910 1203 1986 λοχο-
1301 1935 1302 1938 ’

180 1993 281 2056 θέτου.

248 2078 428 2146 Vaticanus
443 2078 614 2145 Palatinus
631 2077 772 2145 Graecus
786 2075 850 2145 394
864 2076 943 2166 (Vc)
962 2086 1138 2144 chartaceus
1158 2088 1204 2146 est

181 2176 293 2235 saeculi
306 2174 378 2232 XVI
396 2174 539 2233 foliorum
554 2174 627 2232 382.
664 2174 757 2233 Initio
775 2173 875 2249 posita
890 2177 935 2233 cst
952 2175 1045 2232 trium
1063 2193 1204 2233 versuum

180 2266 336 2373 inscriptio
357 2283 392 2322 ex
410 2265 496 2339 perte
515 2262 697 2339 compendiis
716 2265 828 2339 scripte
845 2265 1000 2323 continens
1017 2264 1104 2322 hoec:
1122 2266 1204 2343 Χρο-

181 2350 268 2412 νικὸν
296 2351 504 2429 σύντομονκ
471 2349 504 2411 ἐκ
528 2350 683 2430 διαφόρων
705 2350 921 2432 χρονογραφων
947 2349 1051 2425 coit}
1035 2352 1171 2433 ξηχητων
1197 2346 1203 2435 Ι
1301 2397 1302 2402 1

182 2454 320 2539 συλλεχὲν
351 2456 401 2517 καὶ
424 2453 569 2517 συντεθὲν
591 2455 688 2517 ὑπὸ’
676 2457 807 2518 ιωάννοο
828 2482 848 2517 α
877 2466 931 2518 τοῦ
954 2458 1133 2519 σναελιώτον
1155 2456 1207 2518 καὶ
1301 2499 1302 2512 1

181 2547 413 2659 χρηματίσαντος
429 2538 567 2653 Ιθστερον
585 2546 767 2628 ττατριαρχοο
787 2546 1120 2620 αωνσταντινονπόλεως
1133 2544 1204 2619 νέας
1301 2555 1302 2620 s

182 2636 296 2717 ρώμης·
329 2635 496 2715 προοίμιον.
541 2628 683 2696 Ἰωάννου
712 2656 747 2695 ex
773 2637 932 2717 χεωρχίον,
962 2636 1141 2697 σνκελιώτου
1169 2657 1206 2697 ex
1301 2673 1302 2678 κ

183 2722 327 2805 συχκὲλον
358 2726 524 2800 posteriore
561 2728 694 2801 tempore
726 2728 877 2784 mutatum
907 2745 969 2786 esse
1001 2726 1206 2786 demonstrari

182 2817 217 2874 B.
242 2813 331 2873 dvi
355 2805 471 2895 (1897)
491 2834 519 2890 p.
541 2816 603 2873 243
623 2817 685 2873 not.
732 2815 768 2873 In
792 2816 1019 2892 inscriptionem
1040 2817 1118 2874 hanc
1136 2834 1207 2875 cnm
1301 2799 1302 2804 ἵ

183 2905 279 2963 denuo
312 2904 534 2978 inquisivissem
565 2923 708 2980 reponere
739 2904 795 2963 ille
825 2904 917 2963 verbe
948 2924 1009 2963 non
1036 2906 1110 2965 satis
1141 2924 1205 2965 esse
1301 2897 1302 2902 ¹

184 2992 311 3072 cognovi
325 2992 364 3050 ed
376 2993 541 3069 genuinum
554 2995 671 3053 textum
684 2994 908 3053 restituendum.
941 2993 1089 3053 Exstebnt
1102 2996 1205 3055 eutem

183 3084 330 3142 vetustior
356 3082 512 3156 inscriptio
540 3101 629 3158 super
657 3102 748 3158 quam
775 3101 811 3142 ee
838 3102 928 3159 quam
955 3102 1034 3142 nunc
1060 3083 1205 3143 hebemus

184 3172 385 3248 superscripta
413 3172 466 3229 est.
511 3171 547 3229 In,
577 3173 675 3249 primo
707 3192 807 3247 versu,
840 3191 907 3231 cum
938 3175 1024 3231 vetus
1056 3172 1207 3249 scripture

185 3263 262 3321 esset
283 3260 387 3334 latior,
415 3261 543 3338 vestigia
566 3261 629 3321 eius
653 3262 741 3321 focile
767 3261 902 3339 dignosci
923 3264 1057 3337 possunt
1103 3261 1205 3337 Atque

185 3352 254 3409 ante
276 3347 457 3409 vocabulum
479 3348 616 3429 χρονινὸν
644 3350 725 3425 quod
751 3370 830 3409 nuno
858 3354 955 3411 exstet
980 3352 1013 3407 in
1036 3353 1136 3409 vetere
1159 3352 1206 3410 in-

185 3440 346 3515 scriptione
373 3439 454 3498 idem
475 3440 654 3498 vocabulum
682 3440 829 3514 scriptum
850 3441 923 3515 fuit,
950 3440 1091 3498 ultimum
1113 3441 1207 3516 primi

184 3547 287 3589 versus
312 3528 436 3588 verbum
458 3529 517 3587 fuit
545 3524 704 3607 συντεθὲν,
730 3530 872 3588 ultimum
899 3530 1021 3589 secundi
1048 3526 1206 3608 σνχνλλον,

184 3620 216 3679 in
230 3620 321 3678 tertio
335 3637 424 3678 versu
437 3618 534 3678 solum
547 3617 727 3677 vocabulum
741 3618 878 3677 exstabat
891 3618 1058 3697 προοίμιον.
1090 3618 1207 3678 Eadem
