2617 3909
543 225 732 276 XPONIKON
1106 221 1145 286 11

456 368 512 452 [βὶ
544 370 632 451 Πεοὶ
655 367 826 453 Nema]

203 495 291 558 Μετά
315 493 348 557 δὲ
369 505 462 557 ταῦτα
482 494 584 578 γέγονέ
606 517 650 569 τις
672 496 756 577 γίγας
778 494 910 574 τοῦνομα
932 494 1060 576 Νεβρὼδ
1082 495 1147 569 υἱὸς

135 594 220 667 Χολις
241 603 295 655 τοῦ
318 594 470 667 Αἰθίοπος
492 593 525 658 ἐκ
547 597 646 672 φυλῆς
669 593 747 672 Χάμ.
793 590 826 667 ὃς
847 594 947 666 κτίσας
969 593 1024 673 τῆν
1047 593 1146 672 Βαβυ-

134 697 216 754 λῶνα
242 691 330 753 πόλιν
356 691 407 752 καὶ
433 701 548 772 πρῶτος
573 691 745 765 καταδείξας
775 692 897 772 μαγείαν
924 690 974 752 καὶ
1001 692 1147 771 κυνηγίαν

135 794 262 872 Περσῶν
284 789 455 870 ἐπρώτευσε,
478 790 600 863 διδάξας
622 787 731 861 αὐτοὺς
751 787 949 870 ἀστρονομίαν
971 787 1021 848 καλ
1044 787 1173 869 ἄστρα-τ

135 889 240 969 λογίαν
262 896 297 972 τῆ
321 886 447 972 οάρανίρι
469 888 583 966 κινήσει
605 886 640 947 τὰ
663 885 729 967 περὶ
751 886 820 959 τοὺς
842 885 1030 965 ταττομένους
1052 888 1148 948 τιάντα

135 987 233 1065 δῆθεν
260 986 469 1065 συμβαίνοντα.
515 978 569 1062 ἀφ’
595 977 638 1046 ὧν
657 979 799 1063 Ἕλληνες
826 985 881 1064 τῆν
908 985 1146 1065 γενεθλιαλογίαν
1160 1004 1173 1043 s
1186 1004 1217 1046 Μ,

135 1083 284 1163 μαθόντες
307 1081 434 1164 ἤρξαντο
462 1082 532 1156 τοὺς
552 1081 757 1163 γεννωμένους
784 1081 842 1143 ὖττὸ
870 1080 925 1160 τῆν
952 1090 1011 1141 τῶν
1033 1079 1147 1162 ἀστρων

135 1183 255 1260 κίνῆσιν
281 1179 450 1262 ἀναφέρειν.
495 1180 608 1242 οάκοῦν
635 1177 813 1262 ἀστρονομία
842 1178 891 1239 καὶ
919 1177 1092 1259 ἀστρολογία
1118 1202 1147 1240 τε

135 1278 186 1340 καλ
209 1280 313 1360 μαγεία
336 1276 395 1339 ἀπὸ
415 1278 625 1359 Μαγουσαίιον
646 1275 713 1356 ἤτοι
736 1281 860 1359 Περσῶν
882 1274 999 1358 ῆρξατο.
1041 1277 1072 1336 οἱ
1092 1275 1147 1357 γάρ
1162 1297 1187 1337 ιο

135 1375 251 1458 Πέρσαι
273 1375 393 1457 Μαγὼγ
415 1374 475 1438 ἀπὸ
498 1384 556 1436 τῶν
579 1374 726 1456 ἐγχωρίαν
747 1374 1023 1456 προσαγορεύονται.
1065 1374 1099 1434 οἴ
1115 1396 1147 1455 γε

17 1504 20 1508 ·
135 1475 188 1536 τὸν
215 1472 343 1556 Νεβρὼδ
369 1471 501 1554 λέγοντες
526 1471 743 1535 ἀιτοθεαθέντα
769 1471 819 1534 καί
845 1470 1005 1554 γενόμενον
1032 1471 1064 1533 ἐν
1086 1477 1147 1546 τοῖς

133 1570 253 1653 ἀστροις
287 1580 340 1633 τοῦ
374 1571 506 1653 οάρανοτλ
540 1575 683 1632 καλοῦσιν
713 1565 849 1652 Ὠρίωνα.
904 1569 969 1652 ττιρὶ
1005 1562 1041 1632 οὗ
1073 1587 1148 1649 φησι

135 1673 276 1749 Μοιϋσῆς
299 1669 354 1730 ὅντ’
377 1667 498 1750 γέγονεν
520 1666 540 1747 ἡ
559 1666 633 1749 ἀργὴ
652 1678 705 1748 τῆς
723 1670 870 1749 βασιλείας
892 1668 985 1731 αὐτοῦ
1003 1667 1148 1748 Βαβυλὼν

134 1766 187 1829 καί
208 1767 333 1846 Χαλάνη
356 1765 389 1828 ἐν
411 1775 449 1850 γῆ
474 1767 602 1847 Σεναάρ,
626 1766 700 1828 ὅθεν
723 1765 828 1845 ἐξῆλθε
853 1768 1031 1846 Φυλιστιείμ.
1163 1786 1187 1826 ιο

450 1940 515 2025 [γ’.
548 1943 635 2025 Περί
658 1927 824 2026 Κρόνου]

200 2063 253 2129 Ἐκ
279 2065 312 2131 δὲ
339 2078 392 2148 τῆς
419 2072 518 2147 φυλῆς
544 2077 597 2129 τοῦ
620 2069 692 2148 Σὴμ
718 2068 767 2129 καλ
789 2078 842 2130 τοῦ
862 2063 1001 2148 Ἀσσούρ,
1028 2063 1083 2145 ἀφ’
1111 2061 1148 2129 οὗ

132 2162 293 2248 Ἀσσύριοι,
315 2176 368 2246 τῆς
389 2165 440 2226 καλ
462 2166 649 2247 κρατῆσάσῆς
667 2166 722 2245 τῆν
741 2167 857 2248 Συρίαν
875 2164 925 2226 καί
943 2165 998 2244 τῆν
1017 2166 1148 2246 Περσίδα

135 2264 187 2326 καὶ
213 2263 248 2325 τά
274 2262 363 2326 λοιπά
394 2261 467 2346 μίρῆ
498 2272 551 2343 τῆς
576 2262 723 2344 ἀνατολῆς
749 2263 886 2342 ἀνεφάνῆ
917 2261 967 2323 καλ
993 2260 1079 2336 ἀλλος
1105 2285 1149 2336 τις

135 2360 299 2444 ἀνθρωττος
324 2361 533 2443 γιγαντογενῆς
559 2359 681 2441 ὀνόματι
707 2360 825 2444 Κρόνος
851 2360 925 2422 κατὰ
952 2361 1006 2440 τῆν
1034 2359 1148 2422 ἒττωνυ-
1163 2381 1189 2422 το

137 2462 210 2540 μίαν
235 2469 289 2522 τοῦ
315 2459 467 2538 πλανῆτου
494 2457 622 2539 ἀστέρος.
666 2460 823 2540 γενόμενος
851 2456 883 2520 δὲ
909 2457 959 2519 καὶ
986 2451 1073 2532 οὗτος
1095 2459 1149 2520 δυ-

137 2558 226 2631 νατὸς
250 2557 332 2618 ττάνυ
363 2555 414 2618 καί
440 2556 569 2629 πολλοὺς
595 2555 743 2629 ὑττοτάξας
774 2554 824 2616 καὶ
851 2555 1008 2636 κυριεύσας
1034 2565 1149 2637 πρῶτος

209 2751 279 2800 2-3
297 2751 323 2801 ιλ
341 2751 446 2799 11-13
464 2744 531 2800 Μελ.
542 2745 568 2799 ιλ.
583 2746 601 2799 λ.
640 2787 646 2799 .
667 2750 699 2798 12
714 2745 752 2812 cf.
773 2742 873 2798 Chron.
886 2742 985 2798 Paseh.
996 2761 1026 2814 μ.
1042 2749 1089 2814 64,
1106 2749 1146 2798 13.

139 2817 246 2873 cedron
263 2817 277 2870 Ι
290 2833 320 2886 μ.
336 2822 378 2884 28,
394 2821 417 2870 8.
447 2848 480 2856 —
507 2821 602 2870 9-11
646 2815 729 2870 adem
748 2814 847 2885 (λοοκς.
862 2833 893 2885 μ.
911 2821 956 2884 66,
971 2820 1005 2868 30
1024 2815 1093 2873 Mur.
1113 2847 1148 2856 -
1210 2879 1212 2884 ¹

139 2894 174 2942 14
192 2887 259 2942 Gen.
280 2893 389 2957 10,10;
405 2893 445 2942 14.
466 2920 500 2928 -
520 2893 624 2957 17-μ,
641 2893 683 2954 12,
699 2892 714 2940 8
733 2885 800 2941 Mal.
815 2886 832 2941 λ.
848 2888 865 2942 λ.
884 2888 918 2955 cf.
934 2885 1033 2942 Chron.
1048 2885 1147 2940 Pasoh.

138 2965 227 3029 1164,
243 2965 275 3013 19
284 2975 339 3029 τρο.
369 2959 398 3012 L.
413 2958 458 3013 Gr.
468 2976 499 3028 μ.
516 2964 557 3026 15,
573 2965 652 3029 στος.

210 3108 226 3155 3
244 3110 309 3170 χοῦς
323 3101 525 3171 codd.1›raeter
537 3099 595 3155 GP.
610 3131 643 3141 -
658 3105 675 3153 4
689 3097 827 3170 κυνηγίαν
844 3101 892 3154 καλ
906 3100 1025 3169 μαγείαν
1039 3097 1147 3154 OLRV.

139 3178 204 3232 -θ
218 3173 401 3242 ἀστρολογίαν
414 3172 464 3227 καὶ
478 3173 666 3241 ἀστρονομίαν
680 3169 703 3224 Β
717 3177 742 3226 εί
749 3171 846 3239 1¹⁴0th
860 3173 909 3241 Qui
922 3171 1009 3227 locum
1022 3170 1148 3226 mutilum

138 3247 177 3301 m'c
194 3243 313 3299 mahat:
329 3245 469 3312 κυνηγίαν
487 3243 536 3297 καὶ
554 3244 742 3312 ἀστρονομίαν
760 3250 793 3313 τῆ
809 3243 867 3310 οάρ.
881 3239 996 3308 κινῆσαι.
1012 3272 1046 3281 -
1066 3245 1083 3294 6
1102 3240 1149 3294 οδ-

139 3318 226 3386 ρανίρι
244 3314 327 3370 LRV.
345 3346 380 3355 -
399 3319 415 3368 9
434 3315 545 3384 ἀστρον.
563 3333 594 3368 τε
612 3314 661 3368 καλ
679 3314 786 3381 ἀστρολ.
802 3313 851 3367 καί
865 3313 911 3368 GL
937 3331 966 3366 τε
985 3327 1036 3366 om.
1056 3311 1090 3365 N.
1114 3343 1148 3354 -

139 3393 171 3441 11
189 3385 323 3456 μαγάςλι
347 3384 432 3455 μάγοι
451 3384 479 3440 0.
499 3417 533 3427 -
558 3390 591 3439 15
614 3383 736 3452 σενναάρ
756 3383 811 3439 GP.
836 3415 869 3424 -
899 3388 931 3438 17
951 3382 1055 3452 ἀσσοάρ
1074 3382 1149 3437 ABP

138 3458 226 3527 ἀσοάρ
240 3456 300 3513 τελλ.
320 3488 355 3498 -
375 3462 407 3510 18
425 3464 475 3525 τῆς
492 3456 700 3525 κεκρατῆσάσῆς
713 3454 843 3510 BOHLP
862 3457 903 3525 (ι’νι
921 3471 974 3524 quo
992 3473 1101 3521 τιεκρατ.
1116 3470 1150 3509 τοι

138 3548 265 3620 κριικρατ.
288 3533 360 3656 mbo}
382 3524 451 3652 ρρτν.
470 3527 587 3595 memor)
614 3535 664 3596 τῆς
691 3527 864 3597 κρατῆσάσῆς
886 3525 953 3579 Μελ.
981 3557 1016 3566 -
1044 3530 1077 3580 11
1101 3524 1149 3578 καλ

134 3619 220 3662 ουτος
237 3617 291 3655 mc.
361 3639 367 3652 .
407 3642 412 3653 .
