2617 3909
529 235 718 286 x1>0N11<0N
1067 236 1134 300 3712

117 385 181 452 τοῖς
204 377 476 460 ὑπολαμβάνουσιν
509 380 601 487 αύτθρν
631 383 724 445 κακὸν
756 377 831 444 εἶναι
863 394 1017 464 παραινῶν
1049 381 1135 465 ἐβόα1

117 479 239 559 γίνεσθε
263 480 444 559 οἰκτίρμονες
467 477 507 553 ὡς
530 478 549 548 δ4
570 478 666 560 πατὴρ
688 479 773 559 ύμοῦν
797 479 812 541 δ
834 482 981 562 ούράνιος.
1027 481 1077 543 διά
1100 480 1132 543 δὲ
1148 496 1188 536 274
1201 495 1233 534 Μ-

116 574 188 648 τούς
210 575 422 656 ἀπατωμένους
444 577 572 651 πολλοὺς
595 577 688 650 θεοὺς
710 577 851 660 ὑπάρχειν
874 580 945 658 ἔφη·
972 580 1022 640 ἵνα
1044 581 1132 661 γινώ-

118 675 213 734 σκωσί
229 692 261 736 σε
279 674 331 735 τὸν
349 674 442 754 μόνον
460 673 608 755 ἀληθινὸν
626 675 700 736 θεὸν
719 676 769 737 καλ
782 673 817 738 ὃν
831 676 999 752 ἀπέστειλας
1015 672 1132 758 Ἰησοῦν

116 770 257 852 Χριστόν,
280 774 342 833 καί·
366 773 599 855 ἐξομολογοῦμαί
620 791 677 853 σοι,
699 775 799 855 πάτερ,
821 777 904 856 κύριε
926 786 979 838 τοῦ
1001 770 1132 857 ούρανοῦ
1160 797 1172 838 ι

117 868 169 929 καλ
191 879 244 949 τῆς
267 880 330 951 γῆς.
367 870 417 932 καὶ
440 869 539 949 μέντοι
561 869 611 931 καὶ
633 872 708 952 πρὸς
726 873 777 935 τὸν
795 873 1017 954 ἐπερωτήσαντα
1039 899 1133 956 γραμ-

117 966 221 1046 ματέα·
245 969 317 1029 ποία
339 967 399 1030 ἐστὶ
421 970 522 1048 πρώτη
545 970 665 1030 πάντων
688 969 806 1049 ἐντολάς
836 970 997 1053 ἀπεκρίθη·
1030 973 1130 1053 πρώτη

114 1065 237 1126 πάντων
264 1065 368 1144 ἐντολή
395 1066 486 1128 ἐστιν·
519 1064 624 1147 ἀκουε,
649 1061 778 1150 Ἰσραήλ,
806 1069 908 1150 κύριος
937 1066 952 1131 δ
980 1070 1053 1144 θεός
1076 1087 1132 1131 σου

115 1163 220 1242 κύριος
240 1158 284 1237 εἷς
306 1164 393 1226 ἐστιν.
1041 1161 1043 1168 “

177 1255 211 1325 Ὁ,
239 1259 271 1322 δὲ
298 1263 404 1340 Σίμων
431 1261 562 1331 συνιδών
590 1263 635 1324 ὅτι
663 1261 776 1344 Πέτρος
803 1263 893 1330 αύτδν
921 1264 1042 1345 συνάγει
1066 1271 1130 1337 ταῖς
1144 1285 1170 1325 ιο

114 1364 246 1440 γραφαῖς
272 1359 315 1434 εἰς
342 1359 394 1422 τὸν
421 1358 487 1440 περὶ
514 1366 589 1422 θεοῦ
618 1360 708 1442 λόγον
735 1361 890 1440 ἐξετασμὸν
921 1361 1061 1442 γενέσθαι
1088 1363 1129 1442 μη

114 1456 245 1536 θελήσας
272 1455 437 1539 ἀνεχώρησε
467 1457 538 1538 μετά
559 1463 670 1539 πολλῆς
700 1459 842 1539 αἰσχύνης
870 1459 919 1521 καλ
951 1460 1045 1539 ἥττης.
1094 1453 1130 1540 ἦν

112 1553 169 1636 γὰρ
198 1552 213 1615 δ
241 1553 390 1634 ἐξάγιστος
417 1555 595 1636 πολύπειρος
621 1554 676 1636 μέν
703 1556 736 1618 ίν
758 1563 821 1630 ταῖς
844 1557 1027 1638 διαβολικαῖς
1050 1557 1129 1642 ἐνερ-

113 1653 222 1733 γείαις,
249 1650 369 1732 άπειρος
394 1650 427 1712 δέ
449 1651 482 1713 ἐν
504 1659 567 1727 ταῖς
589 1660 801 1734 πνευματικαῖς
824 1656 1033 1729 διδασκαλίαις.
1078 1655 1129 1717 καὶ

112 1749 169 1831 γάρ
192 1751 287 1823 ούιως
309 1742 349 1828 ἦν
371 1749 569 1830 ἐξησκημένος
591 1750 623 1813 ἐν
644 1759 708 1825 ταῖς
731 1754 864 1833 μαγείαις
886 1752 937 1814 καλ
957 1755 1127 1833 μεθοδείαις
1142 1773 1167 1814 ιε

112 1857 167 1910 τοῦ
189 1853 326 1928 Σατανᾶ,
354 1845 394 1921 ὡς
422 1849 478 1911 ούκ
500 1847 587 1922 ἀλλος
609 1873 653 1924 τις
675 1861 733 1911 τῶν
756 1851 812 1931 πρὸ
837 1850 929 1912 αύτοῦ
953 1853 1057 1931 σχεδὸν
1079 1852 1127 1914 ἐπὶ

111 1951 176 2018 ταῖς
204 1947 387 2026 διαβολικαῖς
414 1946 558 2020 ἐπινοίαις
588 1946 638 2007 καὶ
665 1949 856 2028 κακουργίαις
879 1947 1127 2027 διαβεβοημένων.

112 2042 290 2125 ἀνδριάντας
322 2042 377 2125 γὰρ
410 2043 502 2106 ἐποίει
528 2051 698 2124 περιπατεῖν
724 2043 774 2105 καὶ
801 2045 842 2118 είς
867 2055 927 2124 πῦρ
954 2045 1128 2125 κυλιόμενος

112 2140 169 2202 ούκ
196 2140 322 2220 ἐκαίετο,
351 2141 393 2213 είς
420 2140 492 2223 ἀέρα
518 2143 620 2203 ῖπτατο
650 2141 701 2203 καὶ
724 2141 756 2203 ἐκ
778 2143 874 2202 λίθων
896 2140 1003 2224 άρτους
1025 2143 1127 2224 ἐποίει,

112 2239 231 2319 δράκων
249 2237 358 2319 ε’γίνετο
377 2237 427 2299 καὶ
448 2239 490 2312 εἰς
508 2238 668 2320 ἕτερα-ζῶα
686 2249 913 2320 μετεμορφοῦτο,
937 2241 1125 2322 διπρόσωπος
1139 2263 1166 2302 ιο
1236 2283 1238 2288 ,

112 2336 220 2418 ἐγίνετο
243 2335 294 2397 καὶ
316 2336 358 2409 είς
380 2336 490 2417 χρυσὸν
513 2337 707 2417 μετεβάλλετο,
730 2337 828 2418 θύρας
850 2337 1052 2417 κεκλεισμένας
1075 2339 1125 2399 καὶ

112 2431 344 2514 μεμοχλευμένας
374 2431 477 2515 ἤνοιγε
507 2433 571 2495 καλ·
589 2436 704 2516 σιδηροῦ
724 2434 815 2513 δεσμά
843 2434 970 2516 διέλυεν,
1003 2435 1035 2496 ἐν
1064 2438 1123 2498 δεί-

17 2604 20 2613 .
110 2553 199 2604 πνοις
216 2532 322 2592 ewam
340 2533 538 2593 παντοδαπῶν
556 2531 659 2594 εἰδέων
676 2534 812 2613 παρίστα,
831 2533 866 2593 τά
881 2533 917 2596 ἐν
935 2533 1014 2618 οἰκίᾳ
1033 2535 1122 2613 σκεύη

183 2727 198 2774 3
217 2721 279 2775 Joh.
296 2726 338 2788 ιι,
352 2727 376 2776 ο.
392 2753 427 2761 -
445 2721 576 2780 matth.
592 2727 635 2789 11,
650 2686 693 2775 ιτζ
709 2754 741 2760 -
763 2727 794 2774 12
813 2722 898 2776 Maro.
916 2727 1016 2789 12‚28;
1031 2728 1073 2776 ω.
1088 2755 1123 2763 -

112 2797 216 2847 10-12
231 2791 316 2847 Clem.
331 2791 411 2846 Hom.
426 2792 472 2859 111,
488 2798 522 2847 68
536 2792 632 2863 Migne
647 2799 698 2847 148
710 2791 737 2847 0.
753 2825 787 2832 —
803 2799 906 2863 18-μ.
923 2799 983 2862 272,
995 2800 1010 2847 7
1024 2794 1123 2852 Anast.

111 2863 371 3004 ῗὶιχιὲῃὲομίρχῖχΧΧ
393 2863 489 2934 Migne
508 2865 584 2919 Tom.
604 2869 652 2932 89,
672 2863 755 2919 5240
778 2867 812 2933 cf.
833 2863 917 2920 Olem.
936 2864 1016 2919 Hom.
1036 2865 1074 2933 Π,
1089 2870 1122 2918 32

131 3143 135 3154 ,
182 3101 196 3148 1
217 3095 306 3149 κακὸν
329 3094 415 3148 αὐτὸν
438 3094 616 3167 BENV.3—,
637 3102 652 3149 2
673 3093 802 3163 ώσπερδ
822 3095 842 3149 G
866 3096 903 3157 ὡς
926 3096 975 3149 καὶ
998 3094 1063 3149 ὁΑ.
1088 3128 1122 3135 -

57 3221 59 3225 ,
113 3173 129 3221 6
144 3165 319 3233 ἐρωτήσαντα
328 3165 392 3219 NR.
403 3198 437 3228 ,-
454 3172 468 3218 7
484 3166 541 3221 ἐστὶ
554 3165 670 3222 πάντων
683 3168 777 3236 πρώτη
793 3166 813 3220 C
831 3167 946 3222 πάντων
960 3184 1010 3221 om.
1020 3166 1075 3220 PR.
1088 3199 1123 3207 -

111 3242 145 3291 10
164 3235 179 3290 ὁ
197 3236 297 3305 πέτρος
315 3236 370 3291 OF.
394 3269 429 3277 —
453 3243 486 3292 15
506 3233 587 3302 οὗτος
604 3237 677 3292 Acv
700 3237 787 3300 ούτως
809 3233 890 3302 οὗτος
908 3238 937 3291 F.
962 3269 996 3278 -
1021 3243 1053 3290 19
1073 3239 1125 3292 καλ

111 3309 150 3369 εἰς
163 3307 232 3376 ἀέρα
246 3308 303 3363 FN.
319 3341 352 3349 -
368 3313 402 3362 20
416 3309 465 3362 καὶ
479 3305 714 3379 είς-21ἐγίνετο
729 3326 778 3364 σω.
789 3308 950 3363 BGEFRV.
962 3341 997 3350 -—
1011 3314 1043 3380 22
1060 3329 1121 3379 μετ-

111 3378 327 3504 εβάλετονΑΟΕ.
350 3412 386 3420 -
412 3386 446 3434 23
470 3380 567 3436 είδεῶν
590 3379 613 3433 Ε
642 3380 725 3442 ἰδίων
747 3381 773 3434 R
800 3379 890 3450 ἡδέων
913 3380 961 3433 ΑΒ
990 3379 1073 3440 λδέων
1091 3381 1121 3434 Μ

111 3452 195 3506 εἰδῶν
240 3494 245 3504 .
1122 3492 1124 3500 .

181 3616 196 3664 2
216 3609 231 3664 ὁ
250 3617 314 3666 ante
332 3611 465 3680 ούράνιος
482 3629 532 3667 om.
547 3611 576 3665 P.
596 3644 631 3652 —
650 3618 684 3666 23
703 3623 844 3681 παρισιῶν
863 3614 893 3668 Ρ.

907 3703 959 3757 24*
