2617 3909
190 204 255 270 334
503 209 690 260 ΓΕΩΡΡΙΟΤ
707 209 892 261 ΜΟΝΔΧΟΤ

188 353 327 437 γηρολέαι
359 357 536 437 τυγχάνουσι
567 355 618 417 καί
649 355 797 439 παρθένοι
829 354 879 418 καί
910 357 965 436 τῆν
997 356 1120 440 ἁγνείαν
1154 363 1210 424 οὐκ

188 452 315 538 ἀνάγκη,
337 455 473 536 καθάπερ
492 454 569 516 ἔνιαι
586 464 645 516 τῶν
663 449 733 536 παρ’
747 450 889 534 Ἕλλησιν
909 457 1054 538 ίερισσῶν,
1075 461 1209 537 φυλάξω·
1287 533 1288 544 ρ

189 569 238 613 σαι
261 551 311 613 διά
333 552 514 636 πρόσκαιρον
536 553 670 632 ἔπαινον,
693 549 756 614 ἀλλ’
777 552 920 628 ἑκουσίως
941 555 991 616 καί
1013 556 1047 617 ἐκ
1068 558 1208 639 προαιρέ-

189 663 262 723 σεως
292 648 411 731 ἀγαθῆς
443 647 610 737 όρεχθεῖσαι
641 649 677 710 τὰ
709 649 849 730 μέλλοντα
881 651 982 734 ἀγαθὰ
1011 652 1062 715 καὶ
1091 655 1207 717 αἰώνια.

162 748 234 809 εὸτι
261 745 293 808 δὲ
320 747 391 821 τοὺς
415 749 551 829 πρώτους
579 749 713 830 κήρυκας
739 759 793 828 τῆς
815 749 889 810 κατά
911 751 944 811 τό
967 750 1141 833 εὐαγγέλιον
1165 755 1207 815 δι-

189 846 348 919 δασκαλίας
374 846 410 906 τά
437 868 467 907 τε
494 845 627 928 ἀρχῆθεν
652 847 729 928 πρὸς
750 857 809 908 τῶν
832 847 1004 910 ἀποστόλων
1027 850 1088 929 ἔθη
1112 874 1206 932 παρα-

189 941 332 1022 δεδομένα
348 943 523 1025 καταλαβὼν
537 944 554 1007 ό
570 946 672 1006 Φίλων
690 944 801 1025 ἔγραψε
817 954 908 1006 ταῦτα
922 948 1013 1008 παντί
1029 969 1090 1008 που
1106 951 1206 1028 δῆλον.

188 1042 281 1114 πολύς
307 1065 340 1124 γε
368 1042 428 1121 μὴν
455 1049 494 1127 τῷ
521 1044 597 1129 λόγῳ
624 1041 675 1104 καί
697 1043 809 1116 πλατὺς
831 1049 895 1117 ταῖς
917 1045 1064 1119 διανοίαις
1087 1047 1207 1126 ὑψηλός

188 1161 217 1202 τε
249 1137 292 1200 δον
323 1139 373 1201 καλ
405 1139 548 1222 μετέωρος
579 1141 612 1202 ἐν
638 1146 702 1213 ταῖς
724 1142 866 1222 θεωρίαις
893 1152 945 1222 τῆς
972 1145 1058 1217 θείας
1086 1156 1207 1227 γραφῆς

148 1259 175 1299 ιο
188 1239 324 1300 ποικίλον
350 1237 401 1299 καί
427 1239 614 1321 πολύτροπον
640 1247 700 1299 τῶν
728 1239 814 1319 ἱερῶν
842 1241 949 1320 λογίων
971 1241 1027 1320 τήν
1050 1241 1206 1324 ὑφήγησιν

190 1338 355 1415 πεποίηται.

254 1433 315 1494 Καὶ
341 1442 432 1494 ταῦτα
462 1432 516 1513 μὲν
542 1432 690 1514 Εὐσέβιος
717 1433 749 1496 ἐν
776 1444 812 1520 τῆ
840 1434 1063 1522 ἐκκλησιαστικῆ
1093 1439 1205 1524 ἱστορίᾳ

188 1532 357 1612 διεξῆλθεν,
387 1531 420 1593 ἐν
448 1529 480 1592 δὲ
506 1538 569 1605 τοῖς
594 1532 670 1613 πρὸς
693 1536 836 1613 Μαρῖνον
862 1534 960 1594 τοιάδε
983 1535 1074 1596 πάλιν
1098 1539 1203 1616 φησίν·

187 1627 237 1688 καλ
266 1628 321 1710 γάρ
349 1626 368 1708 ῆ
396 1638 450 1690 τοῦ
473 1633 604 1709 Χριστοῦ
626 1630 765 1709 ἐκκλησία
789 1631 843 1692 δόο
866 1631 952 1711 βίους
975 1639 1137 1712 νομοθετεῖ
1157 1634 1205 1694 καλ

148 1747 174 1787 15
187 1725 325 1808 τρόπους,
347 1727 399 1789 τὸν
423 1725 477 1806 μέν
498 1727 639 1808 ὑπερφυῆ
663 1727 712 1789 καὶ
734 1738 787 1808 τῆς
807 1738 911 1808 κοινῆς
934 1729 984 1791 καὶ
1007 1729 1205 1812 ἀνθρωπίνης

187 1825 333 1897 πολιτείας
355 1822 505 1905 ἐπέκεινα,
528 1825 565 1886 οὔ
587 1827 716 1908 γάμους,
739 1827 776 1888 οὐ
798 1828 1000 1908 παιδοποιίας,
1023 1828 1060 1890 οό
1084 1851 1204 1910 περιου-

188 1924 254 1996 σίας
276 1924 404 2005 όπαρξιν
426 1924 674 2004 παραδεχόμενον,
698 1919 761 1985 ἀλλ’
783 1925 854 1986 ὅλον
876 1919 916 1985 δι’
938 1925 1081 2006 όλουτῆς
1100 1937 1205 2007 κοινῆς

187 2019 237 2082 καί
256 2023 411 2101 συνήθους
428 2032 487 2083 τῶν
505 2024 652 2102 βιωτικῶν
670 2021 843 2104 ἀνθρώπων
863 2021 980 2104 ἀγωγῆς
998 2024 1204 2106 παρηλλαγμέ-

187 2142 242 2180 νον
264 2119 314 2181 καλ
338 2121 415 2204 μόνη
438 2129 473 2205 τῆ
497 2129 550 2181 τοῦ
572 2125 648 2180 θεοῦ
671 2121 815 2204 θεραπείᾳ
838 2121 1107 2201 προσοικειωμένον
1130 2117 1201 2184 καθ’

147 2239 174 2279 κο
187 2216 356 2298 ὑπερβολήν
387 2219 493 2299 ἔρωτος
522 2217 675 2300 οὐρανίου.
725 2219 757 2279 οί
780 2217 836 2301 γὰρ
863 2218 947 2280 τόνδε
977 2220 1126 2298 μετιόντες
1154 2223 1204 2284 τάν

186 2315 296 2396 τρόπον
318 2317 461 2377 τεθνάναι
484 2317 640 2388 δοκοῦντες
658 2317 710 2378 τὸν
729 2315 844 2396 θνητὸν
862 2318 931 2396 βίον
947 2315 997 2378 καὶ
1016 2317 1090 2380 αὐτὸ
1110 2319 1204 2398 μόνον

186 2413 219 2476 τὸ
247 2422 331 2492 σῶμα
357 2412 563 2496 περιφέροντες
590 2411 638 2474 ἐπὶ
665 2422 734 2496 γῆς,
763 2413 930 2494 φρονήματι
958 2413 990 2477 δὲ
1020 2415 1076 2494 τήν
1100 2417 1204 2497 ψυχήν
1287 2443 1288 2498 η

187 2511 229 2584 είς
260 2511 408 2591 οὐρανοὺς
439 2509 680 2593 μετενηνεγμένοι
712 2505 761 2573 οίά
787 2535 864 2585 τινες
891 2512 1027 2593 οὐράνιοι
1059 2514 1113 2576 τὸν
1145 2524 1204 2575 τῶν

187 2606 359 2689 ἀνθρώπων
386 2609 515 2692 ἐφορῶσι
542 2610 610 2690 βίον
637 2608 711 2691 ὑπὲρ
734 2619 787 2672 τοῦ
810 2611 920 2684 παντὸς
942 2608 1049 2691 γένους
1072 2611 1203 2694 ἀφιερω-

259 2812 328 2860 5-’1
347 2806 411 2860 Eue.
426 2806 500 2860 Hist.
512 2805 582 2860 ecel.
597 2806 631 2874 Π,
647 2811 689 2875 17,
705 2813 746 2860 24.
767 2838 801 2848 —
821 2812 906 2861 8-11
926 2808 961 2861 ι’ό.
979 2811 1020 2873 18,
1037 2813 1061 2862 1.

258 2990 273 3037 2
293 2983 471 3053 ἱερεισσῶνΡ
490 2983 598 3052 ἱερειῶν
612 2983 709 3038 BEus.
732 3017 763 3024 -
783 2990 800 3037 4
818 2993 873 3041 τῶν
891 2983 1032 3055 μενόντων
1053 2987 1113 3056 (σία)
1132 2987 1202 3058 ἀγα-

185 3057 316 3125 θῶνκαὶ
335 3053 498 3112 αἰωνίωνν
521 3065 576 3111 τῶν
594 3054 748 3125 μελλόντων
766 3057 816 3111 καί
833 3053 956 3111 αἰωνίων
975 3057 1096 3125 ἀμαθῶν
1116 3058 1147 3112 Β.
1168 3090 1201 3098 -

187 3133 202 3181 7
221 3126 365 3198 ἀνέγραψε
383 3127 418 3183 Ν.
440 3159 473 3167 -
499 3132 532 3181 10
550 3125 679 3196 ποικίλην
697 3126 824 3182 BREus.
845 3159 878 3167 —
899 3133 931 3181 12
950 3127 1090 3199 εὐσέβειος
1110 3129 1194 3184 ΟΜΡ

185 3231 222 3240 -
241 3205 273 3253 13
292 3199 390 3260 ταῖςΒ
408 3206 457 3267 τῆς
472 3199 502 3251 Μ
519 3206 552 3267 τῆ
570 3199 600 3252 F.
620 3230 654 3239 —
674 3196 794 3267 μαρίνον
808 3198 938 3253 AOFMP
956 3207 1096 3267 μαυρῑνον
1115 3201 1146 3256 Β.
1168 3233 1201 3241 -

187 3276 221 3323 14
257 3271 363 3341 ριστοῆ]
376 3274 448 3325 θεοῦ
462 3270 527 3324 ΒΜ.
544 3302 576 3310 -
597 3275 630 3322 19
644 3271 897 3340 προσοικειώμενον
910 3271 936 3323 Α
951 3271 1202 3340 προσωκειωμένον

243 3381 249 3392 .
268 3372 303 3379 -
321 3345 356 3392 24
373 3341 500 3409 όφορῶσι
518 3340 576 3393 AR.

157 3556 161 3564 .
188 3578 216 3641 ἐξ
237 3516 274 3630 σθ
295 3512 324 3631 ἐΙρι
342 3523 404 3574 ταῖς
424 3515 464 3575 είς
480 3515 531 3578 τὰς
547 3513 632 3578 θείας
649 3517 761 3586 γραφὰς
778 3516 913 3587 θεωρίαις
931 3517 1027 3572 PEus.
1048 3551 1082 3559 —
1104 3525 1138 3572 13
1158 3523 1203 3574 δι-

217 3598 280 3645 ηιν
323 3622 328 3631 .
