2617 3909
193 244 237 309 64
505 245 692 296 ΓΕΩΡΓΙΟΤ
710 244 893 296 MONAXOT

191 395 312 457 πάντων
335 397 445 473 μᾶλλον
468 392 628 473 Αἰγύπτιοι
649 391 683 455 τό
706 392 787 474 ὕδωρ
809 391 1036 474 προτετιμήκασι
1057 391 1109 454 καὶ
1130 394 1206 456 θεὸν

191 490 403 574 ἀνηγόρευσαν.
440 488 473 552 ἐν
491 485 536 565 οίς
553 488 605 551 καί
621 499 764 552 τοσοῦτον
781 489 1031 573 ὑπερεπλεόνασεν
1049 487 1069 570 ή
1086 490 1206 553 είδωλο-
1292 523 1293 526 “

191 592 283 671 μανία
305 589 385 671 παρὰ
406 587 443 649 τὰ
460 588 537 668 ἔθνη
560 589 668 669 πάντα,
690 585 732 662 άς
749 587 786 650 οδ
805 589 899 668 μόνον
920 583 994 668 βόας
1012 611 1042 650 τε
1064 587 1116 649 καλ
1138 590 1206 670 τρά-

107 701 134 742 46
147 699 179 740 Μ»
193 712 265 770 γους
287 686 337 749 καί
359 687 453 761 κύνας
475 685 525 749 καί
543 687 696 766 πιθήκους
718 692 910 766 θεραπεῦσαι,
932 683 1006 746 ἀλλὰ
1027 684 1077 748 καί
1096 686 1206 768 σκόρδα

165 785 243 849 εκαλ
265 786 402 867 κρόμμυα
423 784 474 847 καί
493 785 587 847 πολλὰ
604 795 665 846 τῶν
682 784 806 846 εὐτελῶν
828 781 933 864 ἓτέρων
954 783 1091 864 λαχάνων
1113 784 1207 858 θεοὺς

191 881 337 963 ὀνομάσαι
363 881 414 944 καλ
439 891 646 964 προσκυνῆσαι
674 882 724 944 δεδι
750 883 803 945 τόν
829 887 958 943 πλοῦτον
984 891 1037 962 της
1064 880 1205 963 άσεβείας.
1293 873 1294 890 ’

191 980 243 1042 καὶ
264 981 297 1044 τό
316 979 370 1061 μὲν
388 981 469 1062 ὕδωρ
487 991 540 1043 τοῦ
558 982 670 1042 Νείλου
688 978 823 1061 ἐσέβοντο
846 977 888 1052 ὡς
909 979 964 1060 τήν
985 980 1084 1061 χάραν
1107 979 1206 1042 αὐτῶν
1293 965 1294 976 ¹

191 1077 333 1162 άρδεῦου,
360 1079 413 1142 τόν
440 1077 473 1142 δέ
494 1081 572 1160 βοῦν
593 1079 773 1141 ἐθεοποίονν
799 1075 840 1152 ὡς
866 1076 922 1156 τήν
944 1078 1088 1159 γεωργίαν
1113 1077 1205 1140 ἐπιτε-

190 1183 299 1240 λοῦντα
326 1176 377 1240 καί
403 1177 458 1257 τήν
480 1177 597 1258 τροφήν
623 1177 796 1258 πορίζοντα,
824 1176 876 1238 τόν
903 1173 936 1238 δέ
961 1175 1070 1256 τράγον
1097 1173 1148 1236 καί
1170 1176 1205 1237 τά

151 1295 177 1336 1⁰
190 1276 325 1359 πρόβατα
349 1275 399 1338 διδι
416 1277 472 1356 τήν
490 1275 520 1350 ἐξ
538 1274 638 1337 αότῶυ
660 1284 775 1357 χρῆσιν,
797 1273 833 1334 τά
851 1271 883 1335 δὲ
901 1273 989 1334 λοιπά
1009 1273 1205 1355 βδελόγματα,
1294 1279 1295 1328 ἶ

190 1375 285 1448 κύνας
307 1398 336 1437 τε
358 1373 409 1436 καί
430 1374 583 1453 πιθήκους
605 1371 656 1434 καλ
678 1371 816 1433 κνώδαλα
837 1370 888 1434 καί
908 1370 964 1450 τήν
984 1370 1093 1450 λοιπήν
1116 1369 1205 1452 άπρέ-

190 1494 277 1534 πειαν
304 1483 363 1534 τῶν
391 1473 473 1546 ζώων
495 1494 524 1533 τε
551 1468 602 1532 καλ
628 1481 688 1532 τῶν
710 1469 859 1550 λαγάνων,
886 1467 1069 1551 ἐθεράπευον
1096 1470 1205 1533 καθότι

190 1551 341 1650 πρόφασίς
363 1569 465 1643 αὐτοῖς
486 1569 520 1630 αί
537 1566 604 1649 περί
621 1576 714 1628 ταῦτα
733 1573 825 1650 χρεῖαι
846 1568 984 1649 γεγόνασι
1006 1568 1103 1647 δήθεν
1126 1568 1204 1629 αἴτια

190 1668 336 1748 σωτηρίας
358 1666 391 1728 ἐν
413 1674 453 1750 τῷ
467 1673 559 1750 καιρῷ
578 1675 632 1746 τής
651 1675 705 1727 τοῦ
725 1664 836 1748 Φαραὼ
853 1666 1069 1748 πανωλεθρίας.
1115 1664 1205 1747 ήνίκα
1295 1661 1296 1664 “

149 1783 176 1824 15
189 1764 245 1846 γὰρ
263 1764 377 1838 ἐκεῖνος
398 1765 450 1828 τὸν
465 1760 582 1846 Ἰσραήλ
604 1764 723 1826 διώκων
744 1765 971 1844 κατεποντίσθη,
993 1762 1115 1838 ἕκαστος
1137 1763 1205 1848 περὶ

189 1860 423 1944 δάπησγολήθη
446 1861 487 1943 μή
511 1860 751 1941 ἐξακολουθήσας
773 1868 813 1946 τῷ
831 1863 940 1946 Φαραῷ
959 1860 1010 1923 καλ
1026 1861 1204 1942 περισωθείς

189 1969 276 2023 τοῦτο
298 1961 475 2041 ἐθεοποίησε
497 1959 601 2044 λόγων·
625 1959 697 2034 θεός
720 1982 779 2040 μου
800 1958 901 2042 γέγονε
923 1959 1051 2040 σήμερον
1069 1960 1204 2041 μάλιστα,

190 2054 229 2120 δι’
256 2051 293 2121 οδ
324 2058 375 2121 καί
402 2058 511 2133 σωθείς
537 2058 575 2121 οδ
601 2057 822 2138 συναπωλόμην
853 2065 892 2142 τῷ
919 2061 1029 2141 Φαραῷ
1056 2058 1204 2132 κωλυθεὶς

189 2157 240 2219 διά
262 2168 315 2238 τῆς
337 2157 444 2220 τούτου
466 2159 617 2240 προνοίας.
663 2153 738 2236 όπέρ
760 2155 868 2237 χρόνον
890 2157 992 2217 τοίνυν
1020 2155 1094 2217 κατὰ
1121 2157 1203 2240 περί-

149 2275 175 2313 ιο
189 2256 262 2318 οδόν
284 2279 350 2318 τινα
372 2263 434 2330 τοῖς
454 2257 631 2338 Αἰγυπτίοις
652 2255 789 2336 ἐγεννᾶτο
811 2255 886 2334 βοῦς
911 2253 985 2334 ἔχων
1008 2254 1115 2333 σημεῖά
1136 2277 1204 2316 τινα

188 2352 257 2437 περί
282 2354 337 2434 τήν
364 2359 493 2435 γλῶτταν
520 2353 570 2415 καί
596 2353 651 2433 τήν
674 2350 795 2434 κέρκον,
822 2351 852 2425 ἐξ
879 2343 922 2413 ὧν
948 2351 1130 2434 ἐγυωρίζετο,
1159 2353 1203 2414 ότι

180 2451 270 2525 ’Ἆπις
292 2450 371 2513 ἐστίν
392 2450 488 2534 ήγουν
511 2451 597 2531 θεός,
624 2451 699 2512 ὅθεν
721 2449 772 2511 καὶ
793 2448 898 2532 ἑορτήν
920 2448 1043 2511 ἐποίουν
1065 2447 1106 2524 ὡς
1127 2455 1202 2512 θεοῦ

188 2549 288 2622 αὐτοῖς
310 2548 542 2631 ἐκδημήσαντος,
564 2546 615 2611 καλ
632 2547 823 2629 παρατιθέασι
839 2550 880 2632 τῷ
898 2547 952 2628 βοῒ
965 2548 1147 2609 πανδαισίαν
1169 2547 1203 2610 ἐν

260 2724 366 2788 19-μ.
381 2724 454 2784 65‚1
473 2719 508 2785 cf.
528 2718 671 2774 Eudooiae
685 2719 789 2774 Violar.
810 2737 852 2789 ep.
868 2725 892 2773 8.
913 2718 988 2772 Suid.
1004 2737 1027 2775 ο.
1037 2717 1149 2782 Ἄπιδος.
1166 2753 1201 2762 -

189 2796 294 2860 19-μ.
314 2795 387 2853 65,7
406 2791 514 2844 Eadem
532 2791 570 2845 οδ
587 2793 698 2846 verbum
715 2793 819 2847 eaehibet
832 2790 977 2844 Anastasii
994 2790 1120 2846 sinaitae
1139 2791 1201 2846 cod.

187 2862 344 2917 Vindobon.
355 2861 450 2916 Theol.
462 2867 513 2916 305
528 2861 586 2916 Fol.
598 2867 643 2915 ‘14¹
656 2864 688 2916 λιι
702 2870 802 2932 quaest.
813 2869 847 2916 46
866 2861 962 2932 Migne
976 2861 1006 2916 T.
1022 2866 1065 2929 89,
1073 2867 1124 2916 601
1136 2870 1203 2932 post

187 2951 253 2990 νινε.
269 2938 287 2988 9
305 2935 425 2988 auctoris
441 2934 550 2988 nomine
567 2950 626 2988 κον
643 2935 746 2989 addito.

259 3065 275 3112 2
290 3055 527 3126 ὑπερεπλεόνασεν
542 3074 592 3112 σοι.
607 3058 641 3113 N.
658 3091 691 3099 -
710 3064 727 3111 4
742 3055 864 3126 σκόροδα
878 3055 1040 3112 DFGLRV.
1057 3089 1090 3097 -
1105 3062 1121 3110 5
1136 3054 1202 3125 κρό-

188 3151 245 3200 μυα
257 3128 401 3185 CFGHM.
412 3161 447 3169 —
461 3133 478 3182 8
491 3129 620 3197 άρδεόων
628 3129 778 3184 AOHMR.
789 3161 824 3170 -
838 3129 1038 3184 ἐθεοποιοῦντο
1053 3127 1103 3181 BF
1118 3127 1201 3183 ἐθεα-

187 3200 310 3270 ποίησαν
324 3200 355 3256 G.
367 3233 400 3242 —
417 3206 449 3255 13
463 3201 528 3269 περὶ
542 3200 615 3254 αότδι
627 3201 662 3254 N.
677 3231 713 3240 -
727 3198 804 3255 αίτία
819 3199 905 3255 OHM
919 3197 1012 3263 αίτίας
1025 3200 1050 3253 A
1066 3197 1153 3253 αίτιοι
1167 3200 1200 3253 Β.

187 3305 223 3313 -
248 3279 281 3327 14
305 3269 497 3341 πανολεθρίας
519 3270 685 3326 CFHLMP.
709 3304 743 3313 -
769 3277 801 3326 16
825 3269 1025 3342 άπησγολήσθη
1047 3269 1098 3324 ΟΒ
1121 3277 1146 3326 οδ
1168 3277 1203 3325 τιό

186 3345 242 3398 ολδ.
257 3344 289 3397 D.
305 3375 339 3384 -
358 3349 391 3399 21
405 3347 531 3414 γλῶσσαν
544 3342 609 3397 NR.
624 3376 659 3383 —
679 3349 712 3396 23
726 3341 916 3412 παρατιθέασι
929 3341 952 3396 Β
969 3338 1160 3409 παρετίθεσαν
1174 3342 1202 3396 V

186 3414 257 3468 Eud.
281 3412 456 3484 παρετίθουν
475 3414 499 3470 G
521 3413 706 3483 παρατιθέασι
723 3414 783 3469 rell.
798 3415 895 3468 Anast.

187 3561 275 3680 PAn'l
295 3554 436 3681 ἐσέβοντο]
449 3555 548 3627 ἐτίμων
562 3557 592 3611 Ρ.
608 3589 641 3598 -
664 3563 696 3612 19
716 3556 888 3628 δπόργρονον
902 3556 931 3610 Ρ.
946 3588 981 3597 -
1000 3561 1033 3610 22
1049 3555 1201 3612 ἐποιοῦντο

264 3643 294 3680 οε
310 3669 316 3679 .
