2617 3909
542 231 732 282 nomon
1085 231 1150 296 135
1266 221 1268 229 ‘

127 378 198 458 γύρ,
216 377 276 456 ἔφη
295 377 339 450 τίς
356 398 416 438 που
432 386 492 439 τῶν
510 376 602 440 δσίων
619 376 750 460 ἀνδρῶν,
768 376 805 440 ού
819 378 927 452 πάντες
940 376 1150 458 ἀπαιτούμεθα

129 484 240 554 σῶσαι,
267 473 391 548 ἑαυτούς
419 472 451 536 δέ
476 475 584 548 πάντες
610 475 736 549 πάντως.
784 475 858 538 ὅθεν
884 469 940 539 ούν
968 477 1072 539 λοιπὸν
1099 476 1150 538 καὶ

127 580 170 657 τῷ
190 571 299 634 ἑαυτοῦ
322 577 444 658 μαθητῇ
468 570 485 634 δ
512 572 707 656 χριστοφόρος
729 578 768 658 τῷ
792 575 915 659 τοιούτῳ
939 575 1055 658 δυνατῷ
1074 573 1149 658 έργῳ

130 669 182 731 καὶ
219 669 296 753 λόγῳ
331 668 542 751 παραγγέλλων
576 670 627 732 καί
663 669 897 751 ἀσφαλιζόμενος
934 672 1075 751 ἔφασκεν·
1108 671 1148 752 μὴ

129 768 268 830 κοινώνει
296 760 452 850 ἁμαρτίαις
478 767 651 850 ἀλλοτρίαις.
696 768 802 832 ἑαυτὸν
829 767 922 852 ύγνδν
948 769 1046 852 τήρει,
1074 769 1149 831 διότι
1177 789 1189 832 5

125 864 251 940 ἕκαστος
282 863 357 948 όπέρ
389 864 497 927 έαοτού
527 865 616 947 λόγον
645 865 733 928 δύσει
760 871 799 950 τῷ
822 872 890 950 θεῳλ
935 865 986 929 καί
1013 867 1091 947 μύλα
1117 890 1149 949 γε

128 962 249 1036 εἰκότως
271 962 440 1042 ἔφητοῦτο
462 963 514 1025 καί
536 965 603 1025 λίαν
625 962 812 1045 προσφόροις.
857 962 1006 1050 ᾔδειὶγόιρ
1033 965 1077 1026 ότι
1099 963 1150 1026 καὶ

126 1058 150 1139 ἡ
174 1059 276 1142 γραφη
298 1059 380 1124 τουτί
406 1062 670 1143 προμεμαρτύρηκε
697 1060 865 1140 σαφέστατα
886 1060 1024 1144 λέγουσα·
1047 1064 1149 1137 σώζων

126 1161 203 1232 σῶζε
229 1158 285 1238 τὴν
312 1157 420 1220 ἑαυτοῦ
451 1159 570 1240 ψυχήν,
602 1157 722 1232 ἕκαστος
749 1158 922 1240 δήπουθεν,
949 1159 1000 1221 καὶ
1026 1159 1150 1233 ἀλλοίως

126 1255 187 1318 ούκ
209 1256 296 1318 ἔστιν.
332 1254 418 1329 ἀξιον
439 1257 543 1318 τοίνυν
565 1253 660 1330 ὅντως
681 1255 805 1336 ἀληθῶς
827 1255 912 1330 ἀξιον
935 1257 1052 1338 σφόδρα
1069 1263 1148 1319 θαυ-
1163 1279 1189 1318 το

126 1353 222 1433 μύσαι
244 1351 294 1414 καί
317 1355 384 1415 λίαν
405 1352 598 1435 έκπλαγῆναι,
621 1358 733 1434 μᾶλλον
755 1352 788 1416 δέ
811 1355 914 1436 φρίξαι
932 1353 982 1416 καί
1000 1354 1148 1436 έκστῆναι,

125 1461 195 1524 πῶς
217 1448 233 1512 δ
255 1460 390 1524 τοιοῦτος
411 1450 462 1512 καὶ
489 1457 663 1530 τηλικοῦτος
690 1451 848 1534 προφήτης
872 1451 923 1514 καί
944 1451 1076 1532 θεόπτης
1098 1451 1149 1514 καὶ

125 1547 298 1629 νομοθέτης
329 1548 378 1610 καὶ
410 1548 636 1632 ούρανομύστης
663 1549 714 1611 καὶ
732 1555 857 1616 ,πολλῶν
885 1551 1027 1632 μεγίστων
1053 1551 1148 1614 θείων
1162 1563 1188 1604 96
1202 1563 1234 1602 Μ-

127 1647 317 1728 χαρισμύτων
348 1645 490 1720 ἀξιωθεὶς
516 1645 567 1708 καί
594 1647 750 1730 διαφόρων
776 1649 935 1729 τεραστίων
961 1647 1148 1731 ὑπηρετήσας

125 1744 180 1807 καὶ
203 1742 302 1825 μέντοι
323 1743 373 1806 καί
391 1751 431 1828 τῳ
446 1749 507 1829 λαῷ
525 1753 580 1807 τού
597 1751 674 1807 θεοῦ
692 1744 818 1809 κατὰτὸ
836 1744 993 1828 εἰρημένον
1011 1746 1148 1826 έλόμενος
1162 1766 1188 1807 το

125 1847 399 1924 συγκακουχεῖσθαι
425 1851 552 1904 τοσαῦτα
579 1842 629 1922 ἔτη
652 1841 674 1924 ἢ
696 1842 878 1925 πρόσκαιρον
907 1842 983 1924 ἔχειν
1005 1842 1148 1927 ἁμαρτίας

125 1939 310 2020 ἀπόλαυσιν,
337 1934 400 2002 εἶτα
426 1939 498 2019 μετὰ
524 1939 595 2014 τοὺς
622 1941 751 2014 πολλοὺς
778 1939 911 2014 ἐκείνους
934 1941 1075 2015 διαύλους
1097 1941 1148 2004 καὶ

125 2039 243 2111 πόνους
265 2036 315 2098 καὶ
336 2036 451 2111 κόπους
472 2035 524 2098 καί
545 2036 665 2119 ἀγῶνας
686 2036 737 2099 καλ
755 2037 882 2120 ἱδρῶτας
898 2036 949 2099 καί
966 2037 1148 2119 πειρασμούς

125 2159 159 2198 τε
180 2133 231 2197 καί
249 2135 372 2212 θλίψεις
389 2134 440 2196 διὰ
457 2134 585 2216 σμικρὰν
607 2132 807 2214 πλημμέλειαν
833 2133 993 2216 διήμαρτεν
1015 2132 1148 2213 δπύσης

126 2232 235 2313 ἀρετῆς
259 2230 368 2294 ένθέου
390 2230 610 2312 κεκοσμημένος
636 2230 687 2293 καί
714 2229 971 2313 λελαμπροσμένος
997 2231 1071 2316 ἔργῳ
1096 2231 1189 2294 καίεο

125 2331 207 2416 λόγῳ
219 2339 273 2410 τῆς
291 2328 509 2411 ἐπηγγελμένης
525 2329 645 2402 ἐλπίδος
662 2327 713 2391 καί
731 2328 782 2390 διὰ
799 2337 852 2408 τῆς
869 2329 1018 2391 τοσούτων
1032 2329 1147 2411 χρόνων

125 2425 451 2508 ἀποκαραδοκοομένης
462 2425 514 2488 καὶ
527 2425 712 2506 βλεπομένης
724 2424 852 2505 έφέσεως
861 2424 945 2501 ξένος
952 2425 1145 2507 καθέστηκεν.

201 2616 256 2670 41.
276 2616 347 2670 Tim.
366 2620 396 2685 ο,
415 2621 458 2669 τι.
482 2647 516 2656 -
541 2615 655 2670 6R0m.
677 2621 723 2684 τι,
743 2620 785 2670 ω.
804 2646 839 2656 -
858 2619 874 2669 8
894 2615 961 2670 Gen.
982 2622 1029 2686 ιο,
1050 2621 1091 2672 ιτ.
1111 2648 1145 2658 -

130 2693 164 2743 15
183 2686 267 2742 Hebr.
284 2693 326 2755 11,
341 2692 383 2740 ιτ.

202 2861 218 2909 6
241 2856 312 2923 ὑπὲρ
340 2855 429 2911 ἑαυτῶ
452 2854 473 2910 G
500 2854 570 2923 ὑπὲρ
598 2855 686 2910 αύτδν
708 2855 738 2908 Ρ.
768 2887 801 2895 -
830 2860 846 2909 8
869 2865 952 2912 τοῦτο
974 2856 1086 2912 BOFN.
1111 2889 1145 2898 -

127 2933 147 2982 9
167 2936 286 2982 σεαυτοῦ
298 2927 359 2981 PR.
375 2957 409 2969 --
430 2933 462 2981 12
481 2928 530 2981 καλ
543 2925 702 2998 νομοθέτης
717 2927 766 2981 καλ
778 2924 904 2997 θεόπτης
916 2927 975 2982 RV.
991 2960 1024 2969 —
1046 2933 1078 2982 13
1097 2929 1146 2982 καλ

126 2995 587 3138 λέλῖξθδῖἱλλδπιλλ
600 2995 1146 3139 az‘z’ffzssffeffflzzssisszi3222:

125 3160 213 3210 μενος
221 3140 254 3194 R.
265 3171 299 3182 -
315 3146 348 3194 19
363 3139 466 3210 μικρὰν
476 3140 534 3195 RV.
544 3173 577 3182 -
591 3139 668 3266 πόσῳ
683 3141 767 3212 ἀρετῇ
783 3138 939 3266 έγςθέῳξλί.
951 3145 1029 3264 -2Ξο
1043 3143 1144 3264 πρπέηζ

126 3209 277 3352 Ϋέγάοῗδίδι,
287 3217 377 3338 2σάιά
394 3210 864 3351 ἀξιίγόιιλίίάίηοςηιΑΝπΨῗόόιτιέό
878 3231 1094 3336 τόσοὼωνῗΒ.
1111 3230 1145 3322 a}

124 3362 251 3409 τοσούτω
274 3350 365 3423 χρόνω
383 3355 406 3408 P
428 3361 563 3408 τοσοῦτον
581 3351 685 3425 χρόνον
703 3353 772 3408 ΗΜ.
791 3385 826 3394 -
844 3351 1093 3423 καραδοκοομένης
1109 3352 1144 3406 N.

203 3537 216 3584 1
237 3532 351 3600 ἀνδρῶν
369 3546 419 3585 om.
437 3531 468 3584 P.
492 3562 526 3571 —
550 3536 583 3585 21
603 3531 653 3586 διὰ
673 3549 742 3588 eras.
761 3533 792 3586 in
810 3531 840 3585 P.
861 3565 894 3572 —
919 3537 952 3585 22
975 3531 1024 3584 καλ
1046 3533 1145 3604 βλεπο-

126 3602 214 3673 μένης
232 3619 283 3658 om.
297 3603 327 3656 P.
348 3634 382 3642 —
401 3600 481 3668 ξένος
498 3601 673 3673 καθέστηκεν
692 3621 743 3660 om.
757 3603 787 3657 P.
