2617 3909
535 228 538 234 ’
551 239 741 291 XPONIKON
1087 235 1150 300 117

136 392 196 449 λεν.
241 379 304 448 εἶτα
333 380 513 466 ἀνεβάλοντο
541 383 623 466 μέχρι
649 395 703 466 τῆς
726 383 770 467 ιγ’
795 383 920 467 ἡμέρας,
948 384 997 446 καί
1020 384 1111 466 ἀνέβη
1136 383 1152 446 6

135 485 289 566 βάτραχος.
336 480 380 545 ιδ’
403 482 436 545 δὲ
463 482 619 545 ἀπέθανον
651 485 684 545 οί
714 485 861 566 βάτραχοι.
908 481 946 544 ιε’
973 481 1006 545 δὲ
1033 489 1154 556 σκνῖπες

135 583 302 665 γεγόνασιν.
344 579 389 651 ις’
412 579 444 642 δὲ
468 581 605 662 συνέτυχε
628 588 668 665 τῷ
690 585 800 666 Φαραῆι
820 581 948 642 ἀπειλῶν
967 581 1023 642 ὅτι·
1047 579 1153 662 αὔριον

136 678 234 760 μέλλει
255 680 393 761 γίνεσθαι
419 677 576 759 κυνάμυια.
622 675 662 753 ιζ’
686 677 718 741 δὲ
745 672 840 759 ἦλθεν
862 677 881 758 ῆ
905 679 1061 759 κυνόμυια.
1107 675 1153 757 ιη’

136 775 170 839 δέ
193 775 303 856 ἀπέστη
327 774 347 856 ἡ
370 776 534 857 κυνάμυια,
561 776 594 838 έν
617 764 638 863 ᾖ
665 777 715 838 καί
740 776 891 857 ῆτιειλῆθη
915 788 974 840 τῶν
996 786 1112 857 κτηνῶν
1135 774 1152 838 6
1180 797 1194 838 σ

136 876 277 948 θάνατος.
323 872 372 936 ιθ’
405 872 438 936 δέ
469 873 625 936 ἀπέθανον
657 875 692 936 τδι
723 875 826 954 κτήνη.
872 871 903 936 κ’
936 874 967 937 δὲ
996 876 1192 962 φλυκτίδες-εα
1205 897 1237 936 Μ.

136 970 313 1046 ἀναζίοοσαι
349 972 512 1054 γεγόνασιν.
558 970 609 1034 κα’
642 971 674 1034 δὲ
711 972 815 1053 ἀπειλὴ
852 983 905 1054 τῆς
942 973 1084 1053 ἐσομένης
1116 981 1152 1057 τῆ
1200 999 1201 1004 “

136 1070 283 1151 ἐπαύριον
305 1070 431 1150 χαλάζης
453 1068 608 1151 ἐξηνέχθη.
653 1067 707 1152 οβ’
730 1069 762 1132 δὲ
785 1063 879 1150 ῆλθεν
902 1068 921 1150 ῆ
945 1073 1060 1152 χάλαζα.
1103 1067 1153 1151 κγ’

138 1167 171 1230 δέ
198 1167 218 1248 ῆ
246 1167 331 1250 ἀκρίς
360 1167 506 1249 ἐπῆλθεν,
533 1167 566 1229 έν
589 1157 609 1252 ᾖ
632 1168 682 1229 καὶ
706 1168 756 1229 διδι
778 1178 943 1251 προσευχῆς
965 1166 1077 1249 ἤρθη
1103 1164 1154 1228 κδ’

137 1265 171 1328 δέ
194 1265 291 1349 μέχρις
313 1263 366 1336 σις’
387 1267 421 1328 τδ
443 1267 599 1349 τριῆμερον
622 1265 734 1348 ἐγένετο
759 1265 869 1340 σκότος.
911 1265 1015 1328 λοιπὸν
1038 1265 1054 1328 6
1073 1273 1152 1346 πρῶ·
1167 1289 1194 1329 το

137 1387 188 1438 τος
212 1365 272 1444 μὴν
295 1361 311 1424 6
334 1360 407 1444 παρ’
428 1357 580 1446 Ἑβραίοις
604 1361 658 1444 μὲν
681 1364 836 1445 λεγόμενος
859 1365 967 1442 Νισάν,
990 1366 1062 1446 παρ’
1080 1361 1153 1443 ἡμῖν

138 1460 172 1523 δέ
195 1462 343 1544 Μάρτιος,
364 1461 406 1536 ὥς
425 1479 520 1541 φησιν
544 1459 560 1522 6
583 1463 699 1542 κύριος·
725 1461 740 1524 6
765 1463 824 1542 μῆν
848 1455 934 1536 οὗτος
956 1461 1030 1543 άρχῆ
1050 1471 1154 1542 μηνῶν

136 1559 219 1640 ὑμῖν.
264 1560 393 1638 λάλησον
424 1564 486 1634 τοῖς
518 1561 597 1632 υίοῖς
623 1553 739 1641 Ἰσραὴλ
770 1559 875 1643 λέγων’
902 1569 938 1644 τῆ
967 1560 1073 1645 δεκάτη
1100 1567 1154 1620 τοῦ

138 1656 234 1738 μηνὸς
259 1658 366 1720 τούτου
393 1657 561 1738 λαβέτωσαν
590 1656 712 1731 ἕκαστος
739 1657 899 1739 πρόβατον·
924 1659 988 1738 ῆτις
1015 1656 1075 1718 ἐστί
1105 1656 1153 1726 λς’

137 1753 241 1835 ἡμέρα.
264 1748 326 1816 είτα
349 1755 420 1835 μετὰ
443 1753 555 1837 ἡμέρας
577 1754 718 1836 τέσσαρας
742 1755 856 1839 ἐσφάγη
880 1755 912 1817 τὸ
936 1756 1085 1836 πρόβατον
1103 1749 1193 1818 καίίσ

137 1853 338 1934 πασχάσαντες
364 1851 509 1934 ἐξῆλθον,
537 1852 577 1927 ὡς
599 1849 676 1915 εἶναι
704 1863 739 1938 τῆ
764 1863 994 1938 τεσσαρακοστῇ,
1017 1849 1088 1914 καθ’
1114 1851 1154 1931 ἣν

138 1949 379 2028 ἐθανατώθησαν
397 1948 433 2010 τὰ
451 1951 622 2031 πρωτότοκα
640 1952 797 2033 Αἰγύπτου
818 1951 884 2032 περὶ
900 1951 932 2013 τὸ
952 1952 1153 2030 μεσονύκτιον,Ι

139 2048 187 2110 ὅτε
213 2045 264 2108 καὶ
290 2047 326 2108 τὰ
353 2045 449 2127 άζυμα
478 2049 675 2129 βαστάσαντες
698 2048 827 2128 ἐξῆλθον
855 2047 905 2109 διὰ
932 2057 985 2128 τῆς
1012 2047 1154 2134 μεσιτείας

139 2145 189 2206 καί
213 2143 336 2227 ὁδηγίας
358 2147 444 2207 τοῦδε
471 2156 525 2208 τοῦ
553 2145 693 2226 ἀοιδίμου
718 2144 768 2207 καί
791 2154 986 2228 τερατουργοῦ
1009 2143 1154 2216 Μωσέως.

210 2237 305 2317 Οὗτος
336 2244 439 2305 τοίνυν
473 2243 585 2318 ἐκεῖνός
614 2243 694 2305 ἔστιν
725 2243 742 2305 6
775 2242 864 2325 μέγας
895 2243 1072 2325 θεοφάντωρ
1104 2239 1154 2302 καί
1168 2265 1195 2306 το

138 2339 367 2419 θεοφιλέστατος
391 2344 545 2421 Μοδσῆς,
572 2342 646 2423 πρὸς
674 2339 710 2403 δν
737 2335 818 2403 εἶπεν
847 2339 862 2402 6
891 2342 974 2414 θεός·
1004 2339 1070 2402 ἰδοὺ
1098 2338 1154 2420 ἐγὼ

139 2437 255 2500 δέδωκά
281 2456 313 2499 σε
339 2439 415 2501 θεὸν
440 2442 562 2523 Φαραῷ,
588 2438 640 2500 καὶ
659 2433 773 2520 Ἀαρδον
797 2438 812 2501 6
840 2437 968 2517 ἀδελφός
997 2455 1052 2500 σου
1076 2437 1154 2499 ἔσται

138 2536 305 2617 προφῆτης.
342 2536 379 2597 σὺ
403 2534 435 2597 δὲ
457 2536 588 2615 λάλησον
609 2537 707 2598 πάντα
729 2537 783 2598 ὅσα
812 2536 981 2617 ἐντέλλομαί
1006 2554 1061 2598 σοι.
1103 2527 1154 2596 06-

138 2657 190 2708 τος
211 2635 342 2708 πατάξας
363 2633 434 2707 τοὺς
456 2634 640 2716 Αίγυπτίους
664 2634 713 2696 διδι
735 2645 788 2714 τῆς
811 2634 997 2718 δεκαπλῆγου
1027 2633 1077 2696 καί
1105 2633 1155 2695 διὰ

139 2742 194 2812 τῆς
216 2733 370 2811 θαλάσσης
388 2729 570 2815 δλοθρεάσας
590 2733 711 2815 ἕξῆγαγε
730 2733 799 2806 τοὺς
817 2733 904 2806 υίοὺς
919 2727 1033 2815 Ἰσραὴλ
1052 2731 1085 2794 έκ
1102 2742 1155 2811 τῆς
1169 2753 1196 2795 25

140 2831 265 2912 σιδηρᾶς
295 2831 424 2910 καμίνου
452 2829 485 2892 έν
514 2832 647 2910 σημείοις
674 2829 724 2892 καί
756 2829 853 2912 τέρασι
884 2831 1019 2913 μεγάλοις
1046 2829 1096 2891 καὶ
1122 2829 1156 2890 έν

214 3025 246 3073 12
266 3019 316 3075 Ex.
331 3025 374 3087 12,
389 3026 453 3089 2sq.
473 3051 507 3060 -
527 3026 559 3073 21
579 3019 629 3073 Ex.
645 3026 670 3088 7,
686 3026 749 3090 lsq.

212 3186 228 3234 2
253 3177 366 3243 σκνίπες
388 3179 470 3233 ADR
496 3185 522 3234 et
543 3179 566 3232 P
589 3184 662 3234 m.2
689 3197 757 3236 corr.
784 3197 818 3235 ex
845 3176 948 3240 κνίπες.
981 3174 1111 3238 σκνίπαις
1133 3175 1156 3229 F

141 3258 263 3320 σιινῆπες
280 3251 334 3304 BG
358 3250 478 3318 σιινῆπες
501 3248 553 3304 CH
576 3258 678 3320 σκῆπες
696 3251 733 3304 Μ.
753 3283 787 3292 -
813 3255 844 3303 11
864 3250 914 3321 μὲν
933 3267 982 3304 om.
1003 3247 1100 3303 BHM.
1121 3279 1154 3288 —

139 3329 224 3378 νισᾶν
242 3321 344 3376 FLMV
366 3321 466 3378 νισσάν
484 3321 517 3376 R.
541 3354 575 3363 -
601 3328 633 3377 15
651 3320 793 3390 τέσσαρας
812 3327 867 3392 (ης
885 3320 923 3390 Μ)
944 3319 999 3374 GM
1021 3317 1155 3388 τεσσαρά-

139 3393 262 3449 τιονταΙι
282 3392 312 3449 δ’
327 3391 414 3447 AGR.
429 3425 465 3433 —
484 3399 517 3448 18
537 3389 601 3517 6st
613 3390 682 3448 ὥστε
701 3393 781 3448 CLR.
796 3425 831 3434 -
849 3390 1031 3464 βαστάζοντες
1048 3387 1100 3445 FP.
1121 3421 1155 3430 -

140 3470 175 3519 19
194 3463 324 3536 μωϋσέως
342 3468 398 3534 (-ος
416 3465 450 3535 G)
468 3463 570 3518 ABFG
605 3464 672 3517 MR.

213 3621 247 3671 22
266 3615 391 3685 ἀδελφὸς
408 3623 458 3670 σοῦ
477 3615 553 3670 ἔσται
572 3633 623 3672 σου
636 3634 721 3685 προφ.
737 3615 817 3670 PEx.
831 3647 864 3655 -
884 3620 918 3669 23
937 3611 1063 3681 λαλήσεις
1075 3611 1155 3667 PEx.
