2617 3909
541 234 737 286 καουικοα
1075 235 1139 299 211

124 377 281 459 ἀποφήναι
317 378 393 460 μηδὲ
426 381 536 465 ῥαδίως
567 380 731 462 ἀναστῆναι
765 380 958 462 δυναμένους.
1004 383 1055 444 καλ
1085 383 1141 466 γὰρ

124 476 196 556 μετὰ
222 477 364 558 τοιαύτην
391 488 505 541 πτῶσιν
535 480 756 560 δυσανάκλητος
787 478 807 560 ἡ
832 479 991 556 ἀνάστασις
1017 482 1140 563 γίνεται

123 585 323 658 καταφρονῶν
348 575 455 638 λοιπόν
482 575 523 651 ὡς
554 577 597 650 είς
622 587 724 639 κακῶν
751 577 850 640 έλθὼν
876 579 982 659 βάθος.
1027 577 1078 640 καλ
1104 586 1144 664 τῷ

124 671 179 752 μὲν
205 672 239 734 έν
265 671 340 759 ἀρχή
367 674 487 736 πεσόντι
518 676 758 757 συγγινώσκομεν
784 675 912 748 ἀπαντες
943 675 993 737 διὰ
1024 676 1079 756 τήν
1107 675 1141 737 ἀ-

122 771 255 851 πειρίαν,
278 769 330 832 τὸν
353 768 386 832 δέ
407 771 478 851 μετὰ
499 772 627 846 πολλοὺς
650 774 791 846 διαύλους
812 772 1062 836 ὑποσκελισθέντα
1085 775 1141 836 οὐκ
1168 797 1180 837 τ

122 865 161 933 ἀν
183 891 227 941 τις
249 869 360 953 ῥᾳδίας
381 867 512 947 ἀξιώσειε
535 871 727 952 συγγνώμης,
755 869 796 943 ὡς
824 870 854 944 έξ
883 870 1017 950 ἀμελείας
1039 895 1068 934 τε
1090 871 1140 933 καλ

122 966 277 1050 ῥᾳθυμίας
302 966 534 1048 καταβληθέντα.
581 967 631 1030 καλ
654 968 691 1030 ού
714 977 800 1030 τοῦτο
829 969 923 1049 μόνον
945 968 1005 1031 έστλ
1027 969 1059 1031 τὸ
1083 970 1140 1031 δει-

122 1063 192 1144 νόν,
220 1057 284 1125 ἀλλ’
310 1064 355 1126 ότι
381 1065 431 1126 καλ
453 1070 570 1128 πολλῶν
593 1064 873 1129 σκανδαλισθέντων
899 1065 950 1128 καλ
972 1065 1139 1151 ῥᾳθυμοτέ-

124 1185 186 1242 ραιν
221 1162 361 1236 πολλάκις
396 1162 579 1245 γενομένων,
617 1162 707 1238 αὐτὸς
743 1162 918 1239 ὑπεύθυνος
949 1166 1059 1246 γίνεται
1090 1163 1140 1225 καλ
1155 1180 1194 1222 150
1208 1180 1237 1220 ιι

122 1257 352 1342 ἀναπολόγητος.
397 1254 479 1322 ταῦτ’
505 1252 562 1322 οὖν
584 1261 694 1334 είδότες
717 1261 759 1335 τίς
780 1260 814 1323 τὸ
836 1260 917 1335 τέλος
938 1262 979 1342 μή
998 1263 1139 1341 διαφθεί-
1154 1287 1179 1326 ιο

121 1379 234 1438 ρῶμεν,
265 1355 322 1432 ὡς’
337 1356 528 1440 παραγγέλλει
556 1357 655 1420 Δαυλδ
687 1360 824 1438 φάσκων·
852 1360 895 1433 είς
927 1359 960 1421 τὸ
991 1359 1071 1433 τέλος
1098 1359 1139 1439 μή

123 1455 313 1540 διαφθείρῃς.

185 1548 238 1614 Ἐν
260 1553 318 1635 γὰρ
339 1560 380 1639 τῷ
403 1552 598 1635 ἀποστρέψαι,
621 1556 731 1636 φησίν,
755 1556 873 1618 δίκαιον
895 1555 928 1617 ἐκ
950 1565 1004 1636 τῆς
1026 1557 1138 1618 δικαιο-

121 1650 218 1730 σύνης
247 1650 341 1713 αὐτοῦ
372 1652 422 1713 καί
453 1662 578 1734 ποιήσαι
614 1651 734 1715 ἀδικίαν
764 1664 857 1715 πᾶσαι
889 1654 923 1714 αἱ
953 1653 1139 1716 δικαιοσύναι

122 1749 217 1811 αὐτοῦ
239 1747 276 1823 ἃς
295 1749 433 1831 ἐποίησεν
456 1750 493 1813 ού
516 1751 558 1831 μή
581 1756 771 1830 μνησθῶσιν·
795 1751 828 1814 έν
845 1760 881 1838 τή
900 1749 1027 1837 ἆμαρτίηι
1046 1752 1138 1814 αὐτοῦ
1153 1775 1178 1816 1⁵

122 1846 329 1910 ἀποθανεῖται.
374 1851 437 1911 καί
466 1850 641 1930 δικαιοσύνη
665 1851 784 1913 δικαίου
807 1850 844 1912 ού
867 1850 908 1930 μή
931 1849 1061 1930 ἐξέληται
1084 1850 1138 1912 αύ-

121 1945 174 2008 τδν
196 1945 228 2008 έν
252 1934 273 2031 ᾖ
296 1943 333 2008 δν
356 1945 450 2032 ήμέρᾳ
473 1953 625 2034 πλανηθῇ.
663 1949 734 2029 ὅπερ
758 1940 814 2010 οὖν
837 1947 923 2022 εἰδὼς
941 1946 958 2010 ό
976 1947 1138 2021 ἀπόστολος

120 2043 229 2125 ἔλεγεν·
257 2043 307 2105 καλ
334 2043 386 2107 ἐὰν
413 2044 494 2131 ἀθλή
522 2069 581 2127 τις,
609 2046 647 2108 ού
674 2055 885 2126 στεφανοῦται,
914 2044 965 2106 ἐὰν
989 2045 1029 2125 μή
1053 2048 1138 2126 νομί-

122 2165 185 2221 μως
207 2139 336 2226 ἀθλήση.
382 2143 429 2205 διδ
452 2142 507 2222 τήν
534 2142 703 2225 ἀρχομένην
730 2142 867 2222 σπουδήν
894 2166 923 2204 τε
945 2142 997 2204 καλ
1019 2149 1137 2224 προθυ-

122 2241 194 2318 μίαν
216 2239 249 2301 έν
272 2239 359 2326 φόβῳ
382 2247 458 2302 θεοῦ
480 2239 530 2302 καί
553 2242 647 2302 πίστει
670 2240 752 2323 μέχρι
775 2241 912 2302 θανάτου
933 2241 982 2301 δεῖ
998 2241 1136 2324 καθάπερ
1151 2264 1177 2304 το

119 2336 171 2398 καί
196 2338 252 2417 τήν
279 2338 437 2420 ὑπομονήν
469 2339 709 2419 ἐπιδείκνυσθαι,
740 2339 790 2400 ἴνα
818 2337 858 2417 μή
886 2337 919 2400 τό
946 2348 1007 2399 πᾶν
1034 2339 1077 2411 είς
1104 2339 1136 2401 τὸ

119 2434 201 2508 τέλος
227 2434 424 2517 ἀπολέσωμεν.
470 2435 574 2517 μηδείς
602 2427 658 2497 οάν
685 2436 821 2518 ἐνάρετος
845 2434 1007 2509 νυσταζέτω
1031 2436 1136 2499 διὰτὸ

118 2531 233 2612 ἀδηλον
267 2543 321 2614 τής
355 2536 525 2615 μεταβολῆς.
570 2535 600 2595 τί
628 2533 685 2616 γὰρ
717 2543 770 2596 τοῦ
801 2532 901 2596 Δαυλδ
935 2533 1136 2617 ύψηλότερονς

118 2630 193 2692 ἀλλὰ
220 2631 327 2715 μικρὸν
355 2631 561 2707 ἀπονυστάξας
589 2631 699 2694 ἔπεσεν.
745 2633 775 2693 τί
800 2629 831 2694 δέ
861 2641 914 2693 τοῦ
942 2637 1137 2711 Σολομῶντος

119 2730 353 2811 μακαριώτερον;
380 2718 444 2791 ἀλλ’
470 2729 502 2791 έν
525 2736 566 2814 τῷ
592 2729 676 2812 γήρει
698 2729 748 2793 καλ
775 2737 814 2815 τῷ
839 2728 911 2792 τέλει
934 2730 1031 2792 πεσὼν
1054 2730 1135 2792 ἀπώ-
1150 2752 1176 2792 τι

118 2832 191 2888 λετο.
237 2828 267 2888 τί
291 2837 345 2889 τοῦ
364 2821 464 2891 Ἰούδα
490 2827 752 2911 περιφανέστερον;
780 2826 853 2890 ἀλλὰ
882 2829 1030 2910 προδότης
1051 2831 1135 2911 γενό-

119 2947 208 3003 μενος
230 2922 390 3006 ἀπήγξατο.
435 2927 466 2987 τί
485 2935 539 2987 τοῦ
557 2924 675 3008 Πέτρου
696 2925 903 3008 ζηλωτότερον;
927 2921 990 2986 ἀλλ’
1012 2925 1135 3000 ἐξάπινα

118 3020 252 3084 πέπτωκε
274 3031 379 3104 πτῶμα
403 3023 541 3098 ἐξαίσιον.
586 3023 681 3096 πόσας
707 3022 846 3096 τοιαύτας
873 3021 1034 3103 μεταβολὰς
1057 3022 1135 3083 ἔστιν

190 3190 207 3237 3
225 3185 303 3239 Prov.
320 3191 362 3253 18,
377 3190 401 3239 ο.
417 3218 451 3227 -
472 3192 503 3240 11
523 3184 794 3256 Psalm.14(15)‚1.
812 3217 844 3225 -
866 3190 898 3238 ιο
917 3183 1016 3238 Ezeeh.
1033 3188 1076 3251 18,
1091 3190 1133 3237 τι.

117 3289 153 3296 -
174 3261 207 3310 ιο
225 3255 325 3312 Ezeoh.
341 3263 384 3326 οι,
400 3263 441 3311 12.
462 3288 495 3297 -
516 3264 550 3312 ιο
567 3257 768 3325 11.Tim.2,1.

190 3404 206 3452 9
225 3398 379 3468 γινομένων
392 3399 450 3453 RV.
467 3432 499 3439 —
521 3405 554 3454 10
571 3409 661 3454 ταῦτα
679 3396 730 3455 οὖν
748 3399 807 3454 BL.
823 3431 855 3438 -
877 3405 911 3452 14
929 3397 1039 3465 ποιήσει
1054 3397 1134 3452 CNP

117 3469 245 3537 ποιήσεις
262 3471 295 3524 R.
320 3502 353 3511 -
378 3476 411 3524 16
431 3469 562 3536 έξέλειται
580 3470 636 3525 OM
664 3471 794 3536 έξελεῖται
812 3469 885 3523 BFL
895 3469 941 3524 Εκ.
967 3502 1000 3509 -
1029 3475 1063 3523 17
1083 3465 1134 3523 οὖν

117 3559 168 3596 om.
183 3541 241 3596 BF.
262 3573 295 3582 -
321 3547 353 3596 19
372 3541 491 3609 ἀθλήσει
509 3541 587 3596 GFP.
610 3575 642 3582 —
669 3549 701 3596 21
722 3542 763 3606 είς
780 3539 857 3604 τέλος
875 3543 936 3612 (om.
954 3541 997 3612 τὸ)
1016 3541 1078 3596 ΒΝ,
1099 3573 1132 3580 -

118 3618 153 3666 28
172 3633 225 3682 -μα
243 3611 381 3678 ἐξαίσιον·
400 3615 431 3666 ιἰι
449 3614 572 3669 ordinem
589 3615 661 3674 redit,
676 3615 733 3670 ιοιλ
748 3613 781 3668 Α.

921 3702 973 3756 14*
