2617 3909
537 243 725 294 XPONIKON
1098 239 1140 304 29

125 397 203 452 θεοῦ
226 388 246 471 ἣ
268 391 322 471 τὴν
340 390 509 451 ἀνύνενσιν.
552 383 627 469 οἷον,
649 389 677 450 εί
695 385 748 467 μέν
771 380 810 468 ἦν
833 388 865 451 τὸ
884 388 1019 471 ἐρώτημα
1041 387 1140 450 καὶτὸ

125 498 248 570 πρᾶγμα
269 487 343 548 κατὰ
365 489 488 570 γνώμην
511 493 597 567 θεοῦ,
619 485 815 570 ἀνωρθούντο
839 487 916 567 μόνα
938 486 973 548 τὰ
994 488 1141 566 δηλοῦντα

125 586 158 647 τὸ
182 586 248 665 ναί,
275 585 304 647 εί
330 583 361 647 δὲ
384 585 464 667 παρὰ
486 587 611 666 γνώμην
637 583 731 646 αὐτοῦ
758 584 924 666 ἐτύγχανεν,
947 584 1140 668 ἀνωρθούντο

127 683 206 744 αύνα
224 682 259 744 τά
278 684 461 762 σημαίνοντα
478 683 511 746 τὸ
530 681 576 744 ού.
613 681 753 756 ὡσαύτως
771 705 802 764 γε
825 682 874 744 καί
897 682 946 744 ἐπί
968 693 1027 744 τῶν
1045 680 1140 743 ἀλλων

125 779 312 863 ἀποκρίσεων
334 791 388 842 τοῦ
406 782 512 863 κνρίον
534 791 594 842 τῶν
616 780 667 842 διὰ
684 790 743 842 τῶν
761 781 860 860 δήλων
881 780 1046 862 γινομένων
1068 802 1141 861 προ·
1169 802 1180 842 5

126 879 225 958 δήλως
256 878 306 940 καί
333 879 487 961 διαφόρως
513 877 702 960 συνέβαινεν,
734 879 765 940 εἴ
786 901 818 960 γε
845 879 963 952 πάντως
989 878 1141 956 εύδύιιιμοι

126 976 206 1061 αύτῷ
230 975 376 1059 ὑπῆρχον·
405 977 432 1038 εί
457 975 490 1038 δὲ
517 974 697 1057 ὠργισμένος
723 968 763 1056 ύχν
785 976 900 1056 αὐτοῖς,
928 975 1018 1040 ούδὲν
1040 975 1142 1048 αὐτοῖς

126 1073 177 1134 διὰ
196 1084 255 1135 τῶν
274 1074 373 1153 δήλων
390 1075 503 1136 τούτων
526 1073 702 1156 ἀπεκρίνατο
725 1073 791 1136 ούτε
810 1074 870 1153 μὴν
889 1073 939 1135 διὰ
956 1077 1049 1136 θείων
1068 1073 1142 1136 ἀπο-

125 1173 288 1248 καλύψεων
320 1170 340 1253 ἣ
371 1181 570 1254 προφητειῶν.
622 1172 696 1233 ὅθεν
728 1173 834 1251 φησίν·
868 1167 925 1234 είδε
953 1173 1056 1234 Σαούλ
1087 1173 1142 1251 τὴν

125 1270 318 1352 παρεμβολὴν
349 1277 409 1330 τῶν
440 1268 616 1347 ἀλλοφύλων
645 1268 695 1330 καί
724 1269 882 1350 ἐφοβήθη,
913 1269 963 1331 καὶ
996 1269 1093 1349 ἐξέστη
1122 1267 1182 1349 ἡιο

125 1369 236 1449 καρδία
258 1367 350 1429 αὐτοῦ
373 1367 507 1448 σφόδρα,
531 1367 581 1428 καὶ
603 1367 772 1449 ἐπηρώτησε
797 1367 847 1428 διὰ
869 1369 990 1448 κνρίον,
1014 1366 1064 1429 καί
1087 1367 1142 1429 ούκ

126 1465 277 1547 ἀπεκρίθη
300 1465 379 1551 αύτῷ
402 1467 504 1547 κύριος
536 1463 586 1526 καὶ
613 1465 645 1527 ἐν
672 1471 733 1538 τοῖς
761 1465 912 1540 ἐνυπνίοις
943 1465 993 1527 καί
1021 1465 1053 1527 ἐν
1080 1471 1142 1539 τοῖς

126 1564 231 1643 δήλοις
261 1562 312 1624 καὶ
342 1564 375 1626 ἐν
406 1570 467 1636 τοῖς
498 1564 680 1645 προφήταις,
712 1562 762 1624 καί
794 1563 850 1625 ούκ
877 1563 1026 1645 ἀπεκρίθη
1058 1564 1141 1649 αὐτῷ

126 1661 178 1723 καὶ
206 1661 268 1722 τότε
295 1656 357 1723 είπε
380 1662 483 1724 Σαούλ
505 1667 567 1734 τοῖς
589 1660 691 1722 παισίν
716 1660 820 1722 αύτού·
849 1661 989 1741 ζητήσατέ
1011 1685 1062 1742 μοι
1089 1687 1143 1744 γν-

127 1765 219 1821 ναῖκα
241 1758 485 1842 ἕγγαστρίμνθον.
526 1757 574 1821 ἐπὶ
597 1757 629 1820 δέ
647 1759 702 1838 τὴν
720 1758 855 1838 κεφαλὴν
874 1759 975 1840 ἐφόρει
992 1766 1143 1840 τελαμῶνα
1157 1781 1182 1823 τε

126 1856 317 1940 χρνσύνημον
334 1855 401 1937 ἤτοι
419 1858 524 1939 μίτραν
541 1855 592 1917 καὶ
609 1857 728 1938 κίδαριν
746 1856 916 1939 λεγομένην,
935 1846 1000 1945 ἕνῇ
1018 1857 1143 1919 πέταλον

126 1964 259 2038 χρυσοῦν
281 1953 408 2016 ἐπέκειτο
435 1954 510 2037 πρὸς
532 1954 564 2016 τὸ
588 1953 723 2033 μέτωπον
746 1953 852 2034 αὐτοῦ,
878 1954 911 2016 έν
933 1943 956 2040 ᾧ
975 1956 1142 2037 γράμμασιν

127 2054 220 2134 ίεροῖς
245 2062 298 2114 τοῦ
325 2059 400 2114 θεοῦ
431 2050 450 2132 ἡ
479 2054 663 2135 προσηγορία
693 2052 886 2133 ἐντετύπωτο,
911 2043 1021 2127 Ικαθὼς
1054 2053 1143 2126 αὐτὸς
1180 2083 1187 2105 x

128 2151 255 2229 ἐδήλωσε
278 2150 334 2229 τὴν
355 2152 444 2211 θείαν
467 2148 630 2229 ὀνομασίαν
653 2151 764 2230 ταύτην
786 2149 861 2233 πρὸς
879 2149 1014 2212 Μωύσέα
1037 2149 1141 2232 λέγων·

128 2247 186 2330 ἐγώ
204 2249 264 2328 είμι
282 2245 298 2309 ὁ
316 2247 368 2309 ών.
408 2258 494 2310 τοῦτο
517 2246 550 2309 δὲ
572 2243 644 2330 παρ’
661 2245 811 2329 Ἑβραίοις
829 2245 981 2330 ἀφραστον
1002 2245 1055 2327 μέν
1074 2246 1142 2310 ύνο-
1157 2273 1182 2312 νο

128 2346 257 2425 μύζεται,
279 2344 433 2426 ἀπείρηται
454 2344 510 2428 γὰρ
530 2345 631 2420 αὐτοῖς
648 2355 735 2407 τοῦτο
754 2345 805 2406 διά
821 2346 955 2428 γλώσσης
972 2345 1142 2429 προφέρειν,

128 2445 272 2526 γράφεται
299 2440 330 2504 δὲ
353 2443 403 2505 διὰ
425 2453 484 2505 τῶν
507 2445 654 2525 τεσσιίρων
677 2445 839 2525 στοιχείων,
868 2443 942 2505 ὅθεν
968 2443 1018 2506 καὶ
1045 2446 1228 2526 mod-2144

127 2564 266 2624 γραμμον
292 2541 363 2603 αύτὸ
391 2540 540 2623 λέγουσιν,
572 2547 695 2603 καλοῦσι
722 2540 755 2604 δὲ
782 2541 854 2605 αὐτὸ
882 2547 1062 2624 Σαμαρεῖται
1089 2541 1143 2622 μὲν

136 2775 140 2784 .
200 2735 217 2783 9
230 2730 250 2785 L
261 2731 330 2800 Reg.
341 2735 383 2797 28,
392 2737 417 2786 ὁ.
427 2763 462 2770 -
478 2736 510 2785 15
520 2732 554 2798 cf.
566 2729 754 2798 Chxysostom.
766 2731 782 2784 l.
792 2732 807 2784 l.
820 2763 854 2772 —
870 2736 966 2801 19-φ.
977 2738 1041 2801 30,1
1053 2732 1142 2788 Theo-

130 2803 218 2856 doret.
236 2802 267 2855 in
285 2801 371 2856 Exod.
387 2801 500 2867 Quaest.
514 2801 566 2855 XV
579 2801 676 2871 Migne
694 2801 725 2856 Τ.
740 2806 783 2868 80,
798 2808 858 2858 244.
890 2805 925 2872 cf.
940 2803 1068 2858 Αωεελσε.
1085 2803 1141 2858 Sin.

129 2872 243 2939 Quaest.
258 2879 292 2927 ιο
310 2873 406 2944 Migne
425 2872 456 2926 Τ.
472 2878 514 2941 εο,
530 2879 581 2927 τεο
597 2872 624 2926 c.
644 2905 679 2912 -
699 2878 731 2926 19
751 2873 837 2928 Exod.
853 2879 877 2941 3,
895 2879 936 2929 14.

201 3039 217 3086 2
236 3034 416 3102 ἀνορθοῦντο
429 3033 538 3086 AFHP.
555 3064 590 3072 —
608 3038 624 3086 3
641 3033 819 3102 ἀνορθοῦντο
833 3034 893 3091 ΑΗ.
909 3067 942 3075 -
962 3040 977 3089 5
993 3032 1031 3090 δι’
1049 3035 1141 3089 αύτών
1234 3081 1238 3088 ,

129 3103 222 3171 δήλων
237 3103 313 3159 GGV
331 3100 372 3158 δι’
388 3105 482 3158 αὐτῶν
494 3113 550 3158 τῶν
564 3102 656 3172 δήλων
671 3104 702 3157 R.
718 3135 753 3144 —-
767 3104 924 3175 γενομένων
938 3106 996 3159 BP.
1012 3137 1044 3145 -
1065 3110 1080 3158 ⁷
1097 3105 1142 3174 ὀρ-

129 3174 258 3245 γισμένος
276 3174 392 3229 ΑΒΝΡ,
417 3207 449 3216 -
474 3181 507 3230 16
531 3173 629 3244 ἐφώρει
652 3174 667 3229 δ
691 3174 781 3243 ἱερεύς
803 3176 837 3229 N.
863 3209 895 3217 —
921 3183 954 3231 16
973 3174 1018 3245 μίτ
1037 3195 1073 3230 αν
1091 3175 1142 3230 DV

129 3253 155 3301 et
173 3246 199 3300 G
216 3264 285 3302 corr.
304 3263 338 3302 τω
357 3245 464 3316 μήτραν
487 3246 595 3317 μήτραν
617 3246 677 3300 rell.
698 3279 731 3287 -
752 3252 784 3301 18
805 3248 972 3302 ἐντετύπωτο
991 3197 1062 3301 Ε’ἀῖλ
1079 3246 1141 3303 ἐνε-

129 3317 308 3372 τετύπωτοΙι
331 3318 485 3373 ἐνετύπωτο
504 3317 606 3372 AOGV
629 3318 694 3372 etB
718 3334 785 3374 τοτε.
810 3335 843 3374 τω
861 3318 1021 3374 ἑτετύττωτο.
1051 3318 1142 3374 ἐτετύ-

129 3407 206 3444 πωτο
224 3389 252 3442 Ν
272 3389 453 3459 (διετετύπωτο
473 3388 588 3460 Ghrys.).
607 3421 642 3434 -ν
662 3394 696 3443 19
715 3387 834 3457 ἐδήλωσε
852 3389 897 3442 FP
924 3387 1023 3457 ἐδήλου
1040 3389 1100 3444 rell.

202 3555 219 3602 4
237 3547 273 3602 τὰ
285 3547 497 3619 προσημίνοντα
515 3550 563 3603 καλ
578 3551 724 3607 δειλοῦντα
736 3550 767 3604 τὸ
783 3549 815 3604 ού
830 3548 859 3601 Ρ.
879 3581 914 3588 -
935 3554 968 3602 19
983 3549 1096 3619 μωύσην
1110 3550 1141 3606 Ρ.

132 3651 165 3660 -
185 3625 219 3674 22
238 3629 322 3689 τριῶν
339 3626 366 3676 et
381 3618 554 3692 τρίγραμμον
572 3620 602 3674 Ρ.
