2617 3909
553 209 742 261 XPONIKON
1090 205 1153 272 311

140 362 250 435 θήναι,
283 355 332 416 ἵνα
351 353 405 436 Ιμή
438 365 491 417 τοῦ
518 355 654 418 θανάτου
682 355 775 419 αὐτοῦ
803 354 823 436 ή
851 354 946 440 ήμέρα
977 367 1068 439 χαρᾶς
1094 361 1156 430 τοῖς

137 447 294 526 Ἰουδαίοις
316 452 391 514 ἀλλὰ
412 447 555 527 πένθους
567 453 710 538 πρόξενος
731 454 859 536 γένηται.
904 454 955 516 καὶ
976 463 1067 516 ταῦτα
1090 455 1155 516 δια-

139 552 300 631 ταξάμενος
322 549 372 612 καλ
395 553 461 612 λίαν
483 551 640 634 δδεριάσας
657 551 715 620 καὶ
743 553 813 632 μετὰ
835 557 953 615 πολλῶν
980 551 1155 635 ἀλγηδόνων

139 651 194 728 τήν
216 650 320 730 ψυχήν
342 647 525 731 ἀπορρήξας,
553 649 648 723 εὐθὺς
671 647 692 730 ἡ
714 652 847 731 Σαλώμη
873 651 971 712 πάντα
993 652 1154 734 διαπραξα-

141 745 215 826 μένη
247 753 308 820 τοῖς
332 741 489 822 Ἰουδαίοις
516 748 559 822 είς
586 746 659 830 μέγα
685 747 799 822 πένθος
825 748 875 810 καί
901 755 1017 832 θρήνος
1044 748 1154 822 αὐτοὺς
1181 770 1194 810 ε

139 843 283 924 ἐνέβαλεν.
330 845 412 919 ὅσαις
435 843 489 924 μὲν
512 838 568 907 οὖν
590 847 666 928 πρὸς
687 852 751 920 ταῖς
773 851 890 920 λοιπαῖς
912 846 1005 908 αὐτοῦ
1025 869 1154 929 κακουρ-

139 944 217 1023 γίαις
239 941 291 1016 τὰς
314 943 388 1003 κατὰ
410 943 466 1022 τήν
489 945 640 1024 βασιλείαν
663 944 756 1006 αὐτοῦ
778 946 971 1024 κομισθείσας
993 944 1153 1027 εὐπραγίας

138 1046 202 1114 ταῖς
224 1039 298 1102 κατδι
320 1041 371 1101 τδυ
394 1035 478 1103 οἷκον
496 1041 670 1120 ἐπαλλήλοις
687 1040 845 1123 ἠμαύρωσε
863 1048 1032 1123 συμφοραῖς
1049 1065 1153 1123 γυναι-

138 1137 190 1211 κὸς
217 1137 268 1199 καί
294 1137 405 1200 τέκνων
431 1137 482 1200 καὶ
508 1149 568 1200 τῶν
590 1143 703 1201 λοιπῶν
725 1150 784 1201 τῶν
807 1141 930 1219 μάλιστα
952 1139 1026 1223 πρὸς
1048 1139 1154 1222 γένους

137 1234 376 1317 ἀναγκαιοτάτων
405 1258 433 1297 τε
465 1235 515 1297 καὶ
544 1236 692 1316 φιλτάτων
719 1239 906 1317 μιαιφονίαις
934 1236 1004 1299 οὐδὲ
1031 1231 1096 1300 οἷόν
1122 1259 1152 1298 τε
1167 1259 1193 1298 ιο

137 1343 195 1395 νῦν
221 1332 404 1415 καταλέγειν,
431 1333 574 1416 τραγικήν
605 1335 725 1396 άπασαν
757 1336 995 1417 δραματουργίαυ
1021 1334 1153 1416 έπισκιαῇ

138 1431 245 1510 ζοάσης
272 1441 324 1510 τής
347 1430 413 1514 περί
435 1432 548 1494 τούτων
571 1430 755 1513 ὑποθέσεως,
778 1430 818 1512 ἣν
840 1433 882 1505 είς
903 1433 1012 1506 πλάτος
1034 1431 1067 1494 έν
1088 1437 1153 1506 ταῖς

137 1523 201 1589 κατ’
227 1529 318 1592 αὐτὸν
335 1526 482 1610 Ιἱστορίαις
502 1523 645 1609 Ἰώσηπος
667 1531 851 1609 διελήλυθεν.

449 1704 502 1789 [γ’.
535 1707 623 1789 Περὶ
649 1705 848 1791 Τιβερίου]

203 1830 292 1892 Μετὰ
323 1829 356 1892 δέ
384 1830 560 1914 Αὔγουστον
592 1832 760 1913 ἐβασίλευσε
795 1829 928 1915 Τιβέριος
959 1832 1024 1907 υίὸς
1058 1833 1151 1895 αὐτοῦ
1166 1854 1191 1895 ιτ

135 1929 185 2009 έτη
209 1926 280 2011 κγ’.Ι
314 1925 347 2002 ὃς
369 1931 470 2004 κτίσας
497 1930 583 1992 πόλιν
610 1930 643 1992 έν
671 1939 707 2015 τῇ
727 1926 858 2014 Ἰουδαίᾳ
885 1931 965 2015 χώρᾳ
991 1930 1071 2011 παρὰ
1097 1931 1152 2010 τήν

135 2028 244 2107 λίμνην
267 2026 402 2089 ἐκάλεσεν
425 2027 520 2106 αὐτὴν
543 2028 585 2101 είς
607 2028 640 2090 τὸ
659 2026 767 2089 ἑαυτοῦ
785 2026 881 2106 ὄνομα
902 2028 1067 2109 Τιβεριάδα.
1098 2027 1113 2088 έ
1140 2022 1148 2047 ’

134 2118 172 2186 οὗ
197 2123 286 2206 μέγας
308 2124 425 2205 σεισμδς
451 2125 608 2207 γενόμενος
635 2125 795 2207 κατήνεγκε
821 2126 920 2198 πόλεις
942 2123 998 2197 ἕως
1020 2124 1151 2202 ἐδάφους

135 2219 188 2304 ιγ’,
205 2221 348 2304 Ἔφεσον,
365 2224 561 2305 Μαγνησίαν,
579 2222 714 2304 Σάρδην,
733 2224 905 2302 Μοστίνηυ,
924 2222 1045 2303 Λιγάϊν,
1060 2217 1150 2304 Ἱερο-
1205 2271 1215 2282 .

134 2320 316 2401 καισάρειαν,
333 2320 560 2401 Φιλαδέλφειαν,
582 2320 719 2401 Τίμολου,
732 2321 854 2400 Κύμην,
872 2315 1028 2403 Μυρίναυ,
1043 2313 1149 2381 Ἀπολ-
1164 2343 1192 2383 εο

135 2420 256 2499 λωνίαν,
279 2420 366 2500 Δίαν,
384 2414 551 2502 Ὑρκανίαν.
587 2416 637 2479 καλ
661 2417 693 2479 έν
716 2416 769 2498 μέν
792 2425 831 2502 τῷ
851 2413 889 2479 ιε’
908 2417 963 2480 έτει
986 2427 1038 2498 τῆς
1056 2417 1149 2480 αὐτοῦ

206 2613 310 2662 ιε-ιι
325 2607 445 2662 Malalas
456 2625 485 2678 μ.
502 2612 562 2676 τοι,
573 2588 599 2661 ὀ.
616 2637 649 2648 -
666 2613 769 2661 ιι-τι
785 2607 885 2662 Euseb.
895 2606 1000 2662 chron.
1015 2606 1041 2661 Π
1051 2624 1074 2676 μ
1098 2611 1148 2661 146

133 2679 243 2734 Sohbne
262 2681 306 2751 (cf.
322 2678 442 2748 Syneell.
454 2696 484 2748 μ.
501 2681 629 2748 60³,16).
649 2709 683 2718 —
703 2684 735 2732 21
756 2678 901 2746 Luc.3,1.

206 2854 220 2901 1
241 2843 268 2902 εί
285 2855 348 2903 ουλε
365 2857 416 2902 τοῦ
434 2845 565 2902 θανάτου
582 2865 616 2902 m.
631 2853 648 2902 1
667 2865 723 2918 ομτ.
741 2864 808 2902 vers.
827 2847 892 2902 αδδ.
910 2847 942 2901 Β.
963 2877 999 2888 -
1020 2845 1149 2918 χοιρὰςΡ

132 2927 207 2989 χαρά
221 2919 250 2972 Μ
266 2919 340 2991 χαρά
349 2918 487 2973 ABORV.
499 2949 533 2959 -
547 2923 563 2972 ⁶
577 2919 644 2982 τοδς
657 2915 804 2982 ίουδαίους
816 2918 900 2972 BFR.
915 2949 949 2958 -
963 2921 1075 2987 θρήνου
1089 2916 1149 2971 RV.

133 3021 168 3031 -
186 2991 289 3052 αὐτοὺς
307 3008 356 3048 om.
372 2989 483 3044 BCFR.
504 3021 538 3030 -
557 2995 573 3044 8
593 2987 637 3046 ἐπ’
655 2989 818 3057 άλλήλοιςΒ
837 2988 1049 3056 άλλεπαλλήλοις
1064 2989 1094 3042 F.
1114 3020 1149 3029 -

134 3067 168 3114 13
187 3059 249 3116 κατ’
271 3063 364 3117 αὐτῶν
384 3059 458 3116 GFV
475 3067 501 3116 τί
518 3061 540 3114 L
558 3079 592 3115 m.
608 3068 624 3116 1
643 3078 711 3116 corr.
731 3077 765 3114 ex
782 3056 847 3115 κατ’
863 3060 958 3114 αίπδν.
977 3091 1013 3100 -
1037 3065 1070 3114 16
1090 3059 1149 3114 ίοο-

132 3130 223 3187 δαίων
237 3131 377 3187 BFNRV.
393 3164 427 3172 -
443 3137 475 3186 19
491 3132 603 3201 σάρδεις
616 3131 714 3186 BEus.
729 3164 764 3172 —
777 3129 917 3202 μοστήνην
931 3131 986 3184 AF.
1002 3161 1036 3172 -
1049 3129 1150 3222 λιγάην

132 3203 182 3258 BV
197 3203 315 3274 λιγάκην
329 3202 355 3257 R
371 3203 474 3274 αίγάην
488 3203 510 3258 1¹¹
524 3200 619 3274 (Αἰγαί
633 3204 718 3273 Eum).
734 3235 767 3243 —
785 3201 993 3270 λεροκεσάρειαν
1007 3202 1055 3256 ΑΡ
1069 3221 1149 3270 ιερω-

132 3274 299 3342 κεσσάρειαυ
320 3273 348 3330 O.
378 3307 411 3316 -
440 3280 474 3328 20
494 3273 683 3344 φιλαδέλφιαυ
700 3273 828 3328 AGFLM
850 3270 1041 3342 φιλαδελφίαν
1058 3272 1089 3327 P.
1113 3305 1148 3313 -

130 3346 253 3416 μάρτυσιν
266 3346 316 3401 BV
334 3346 462 3417 μάρηναν
476 3346 502 3398 R
519 3344 664 3416 μυρρήνην
680 3347 702 3399 F
721 3342 844 3414 μαρίυαν
859 3344 897 3399 Μ.
917 3375 952 3386 -
970 3345 1148 3400 άπολλάνιαν

130 3415 180 3470 LV
197 3414 369 3473 άπολλονίαυ
388 3417 437 3470 BF
461 3413 639 3472 άτιολλάνίαν
658 3416 695 3470 Μ.
891 3420 894 3425 ’

205 3592 219 3639 1
240 3586 256 3656 ἡ
276 3602 326 3642 om.
341 3586 371 3640 P.
391 3617 425 3626 -
446 3591 478 3638 13
498 3581 664 3641 κατ’·αίπδυ
682 3589 750 3640 1112
768 3601 836 3642 corr.
852 3603 885 3642 ex
901 3585 1007 3640 καύτὸν
1026 3584 1056 3639 Ρ.
1084 3605 1087 3610 ·
