2617 3909
175 195 240 258 232
489 195 677 246 Γεκεειοε
694 195 877 246 nonnxon

175 343 241 430 ἠδει
263 352 316 406 τοῦ
340 343 503 423 μυστηρίου
526 342 558 404 τό
582 340 761 424 ἀπόρρητον,
784 341 822 404 οὐ
845 341 906 422 μήν
925 340 957 405 δὲ
975 341 1048 402 άλλὰ
1066 341 1117 403 καί
1136 342 1191 403 αὐ-

139 467 142 476 ’
175 442 227 504 τὸν
245 440 297 503 τὸν
316 441 456 521 διάβολον
475 440 648 502 ἐλάνθανεν.
684 440 713 501 εἰ
728 438 785 522 γάρ
803 439 853 501 καί
871 439 923 512 τὰς
939 442 1122 521 προφητείας
1141 440 1192 515 τὰς

176 537 242 621 περί
273 539 380 600 τούτου
407 536 532 618 ἠκουεν,
562 536 635 598 ἀλλὰ
662 536 714 598 τόν
742 536 854 619 τρόπον
880 535 990 619 ἠγνόει.
1036 536 1108 600 οὐδὲ
1134 537 1191 621 γὰρ

173 636 229 718 όν,
251 638 331 718 εἴπερ
355 635 435 722 ἠόει,
458 634 557 716 ἠρώτα
579 634 672 697 αὐτόν
697 634 768 714 μετά
789 644 932 697 τοσοῦτον
954 635 1062 716 χρόνον
1084 634 1189 718 λέγων·

149 736 204 798 εεί
226 735 291 807 υίὸς
314 729 414 796 εἰτοῦ
437 739 524 814 θεοῦ,
546 732 596 794 καλ
619 734 697 806 άπαξ
720 731 770 793 καί
793 732 840 806 δίς
861 733 912 794 καί
934 736 1031 816 τρίτον
1049 743 1145 796 τοῦτο.

235 827 270 892 Ὁ
297 830 329 893 δέ
355 854 387 914 γε
410 830 560 912 Μαροδόιγ
587 830 603 894 ό
631 831 681 892 καί
706 831 845 911 διάδοχος
873 831 1049 912 Σεναχειρίμ
1076 833 1189 894 θεασά-

175 952 261 1009 μενος
293 929 348 1008 τήν
379 928 574 1011 ὑποστροφὴν
600 939 653 990 τοῦ
680 925 767 1008 ἠλίον
794 927 843 990 ἐπὶ
870 935 906 1015 τῇ
933 929 1020 1011 βάσει
1044 923 1189 1004 Ἐζεκίου·

174 1027 254 1111 πάση
287 1026 342 1108 γάρ
369 1035 405 1112 τῇ
433 1025 594 1111 οἰκουμένῃ
616 1025 738 1108 γέγονεν
765 1022 785 1104 ἠ
813 1025 987 1109 ἀναστροφὴ
1019 1037 1072 1089 τοῦ
1102 1025 1190 1107 ἠλίου

174 1126 333 1207 γνώριμος·
358 1117 395 1188 οό
419 1124 457 1204 δή
480 1126 565 1206 χάριν
587 1123 637 1185 καί
660 1117 747 1196 οὗτος
770 1122 864 1185 ὁτῶν
882 1126 1084 1205 Βαβυλωνίων
1105 1128 1190 1206 βασι-

134 1247 160 1287 ιο
174 1223 240 1296 λείις
271 1222 321 1284 καί
350 1221 402 1284 τὸν
432 1220 558 1304 ὄλεθρον
590 1231 642 1283 τοῦ
670 1222 728 1302 πρὸ
759 1220 853 1283 αὐτοῦ
880 1221 1023 1302 βασιλέως
1053 1223 1191 1305 ἐγνωκὼς

173 1321 223 1382 καί
250 1320 285 1382 τά
312 1321 385 1382 κατὰ
411 1320 463 1382 τόν
490 1321 576 1399 ἠλιον
602 1318 778 1402 παραδόξως
804 1319 984 1401 γεγενημένα
1007 1322 1191 1401 μεμαθηκὼς

174 1419 223 1481 διὰ
245 1419 301 1498 τήν
324 1428 376 1480 τοῦ
396 1412 527 1492 Ἐζεκίου
555 1416 706 1498 εὐσέβειαν
733 1415 868 1498 πρέσβεις
895 1419 1017 1501 εἰρήνης
1039 1419 1191 1503 αὐτῷκαὶ

173 1517 254 1598 δῶρα
285 1514 457 1577 ἀπέστειλεν.
505 1515 549 1577 ότι
580 1514 635 1597 γὰρ
668 1514 719 1577 διὰ
749 1515 781 1577 τὸ
811 1513 994 1597 ἀναστρέψαι
1023 1518 1074 1580 τὸν
1102 1518 1189 1597 ἠλιον

172 1612 371 1694 ἀναβαθμοὺς
398 1610 436 1674 ιε’
459 1613 533 1694 πρὸς
561 1611 652 1674 αὐτὸν
685 1611 851 1675 ἀπέστειλεν
878 1611 894 1674 ό
922 1614 1060 1700 βασιλεὺς
1086 1619 1190 1695 Βαβυ-
1290 1656 1291 1659 =

133 1734 159 1776 ιο
173 1717 281 1791 λῶνος,
300 1709 376 1790 φησί
397 1711 487 1771 πάλιν
505 1708 524 1789 ἠ
544 1712 669 1792 ίστορία·
692 1710 743 1772 καὶ
761 1710 900 1790 εὐοόώθη
917 1707 1047 1786 Ἐζεκίας
1065 1712 1098 1774 ἐν
1116 1725 1190 1777 πᾶσι
1290 1750 1291 1795 j

172 1815 233 1882 τοῖς
256 1809 352 1890 ἔργοις
375 1808 482 1888 αὐτοῦ,
505 1807 555 1869 καὶ
578 1809 673 1882 οὕτως
695 1809 728 1870 ἐν
750 1815 811 1882 τοῖς
833 1811 1025 1890 πρεσβευταῖς
1045 1813 1189 1891 Βαβυλῶ-
1290 1862 1291 1865 ¹

172 1930 225 1980 νος
247 1913 308 1979 τοῖς
331 1905 517 1968 άποσταλεῖσι
539 1907 614 1989 πρὸς
641 1906 732 1968 αὐτὸν
760 1905 916 1970 πυθέσθαι
942 1902 1013 1989 παρ’
1039 1907 1190 1972 αὐτοῦτὸ

172 2004 265 2088 τέρας,
289 2001 305 2066 ὃ
327 2004 447 2087 γέγονεν
475 2004 523 2066 έπί
549 2015 602 2084 τής
624 2015 688 2087 γῆς.
734 2004 784 2065 καί
806 2003 991 2086 ἐγκατέλιπεν
1018 2006 1111 2068 αὐτὸν
1134 2009 1190 2070 κνύ-

172 2127 236 2186 ριος
263 2113 315 2166 τοῦ
347 2104 483 2184 πειράσαι
511 2103 602 2164 αὐτὸν
629 2102 739 2164 εἰδέναι
766 2101 801 2163 τά
828 2103 861 2164 έν
887 2111 923 2188 τῇ
951 2105 1058 2188 καρδίᾳ
1085 2104 1190 2169 αὐτοῦ.

34 2225 73 2265 ιοε
87 2222 117 2264 ετ.
132 2223 159 2265 κο
173 2202 269 2276 δείξας
291 2199 347 2283 γὰρ
370 2207 431 2274 τοῖς
455 2203 645 2282 πρεσβευταῖς
668 2201 738 2262 ὅλον
761 2200 813 2261 τὸν
835 2195 919 2262 οἰκον
937 2201 1030 2263 αὐτοῦ
1047 2201 1190 2277 καὶτοὺς

172 2299 356 2381 θησαυρούς,
379 2294 460 2360 εἶπεν
478 2293 603 2371 Ἡσαΐας
621 2298 696 2379 πρὸς
714 2298 805 2360 αὐτὸν
823 2297 856 2359 έν
875 2298 950 2386 λόγῳ
969 2301 1088 2381 κυρίου·
1112 2293 1187 2362 ἀνθ’

243 2487 258 2533 5
282 2479 382 2533 Matth.
403 2485 433 2548 4,
453 2484 482 2546 ες
502 2485 526 2532 ο.
556 2510 589 2518 -
619 2485 652 2532 15
671 2478 705 2532 11.
723 2477 785 2533 chr.
806 2484 853 2547 εκ,
873 2484 916 2533 εο.
940 2511 973 2519 -
1002 2485 1109 2550 εο-μ.
1125 2487 1188 2549 2³5,

171 2556 187 2604 4
205 2549 251 2604 IV.
266 2550 353 2619 Regg.
369 2555 412 2618 20,
429 2555 525 2619 13ης.

242 2705 358 2754 ότοῢτο
383 2700 469 2756 εἰπόν
492 2701 518 2753 R
544 2709 627 2755 τοῦτο
650 2718 701 2756 om.
725 2700 784 2754 AV.
812 2733 846 2742 -
875 2708 890 2755 6
914 2722 944 2772 γε
967 2719 1017 2757 om.
1039 2702 1126 2756 FNR.
1152 2735 1186 2744 -

170 2771 322 2842 σεναγηρλμ
340 2771 409 2841 (-είμ
426 2771 460 2841 Β)
478 2772 527 2825 ΑΒ
550 2772 728 2844 σενναγειρίμ
745 2772 798 2825 LM
819 2773 1003 2846 σενναχηρείμ
1020 2773 1046 2827 V
1057 2791 1186 2866 ’σεραγη-

170 2842 232 2912 ρείμ
249 2843 282 2895 Β.
300 2875 336 2882 -
356 2849 389 2897 12
408 2862 453 2911 πρ.
470 2843 544 2897 αὐτῶ
564 2843 676 2912 εἰρήνης
693 2844 741 2897 καί
761 2845 786 2898 ὃ.
801 2844 852 2897 RV
874 2864 921 2914 πρ.
936 2845 986 2911 εἰρ.
1001 2845 1050 2898 καί
1068 2849 1093 2900 δ.
1108 2849 1188 2900 αυτῶ

170 2913 233 2967 MP.
258 2945 293 2954 .-
318 2918 350 2967 15
370 2914 506 2983 εοωειοη
529 2913 705 2969 ΑΒΜοοιιι.
725 2920 759 2969 τε
783 2914 913 2986 ιοωειοη
936 2915 993 2970 εΗ.
1017 2948 1051 2956 -
1077 2921 1108 2970 ιι
1133 2901 1186 2970 ιλ-

169 2989 278 3040 θεσθαι
295 2984 423 3038 AFHPR
440 2982 606 3040 πείθεσθαι
625 2986 663 3040 Μ.
687 3017 721 3026 -
750 2991 783 3040 18
806 2985 894 3055 πέρας
915 2987 991 3041 FNV
1000 2985 1083 3042 Coisl.
1104 2993 1139 3042 28
1161 2995 1189 3043 et

168 3073 239 3111 neoc.
252 3056 381 3110 nonnulli
394 3055 499 3125 πέρσας
513 3055 541 3110 0.
557 3088 590 3096 —
605 3055 797 3127 ἐγκατέλειπεν
811 3058 893 3113 CGN
903 3057 985 3114 Ooisl.
995 3063 1037 3112 28.
1051 3091 1087 3098 —
1103 3064 1136 3112 19
1150 3059 1187 3113 τά

170 3128 305 3198 ἐγκάρὸια
324 3129 411 3182 αὐτοῦ
430 3128 464 3182 N.

242 3287 307 3342 1τό
326 3287 477 3357 μυστήριον
495 3288 525 3341 Ρ.
550 3319 583 3328 -
608 3293 623 3341 2
648 3289 674 3342 εἰ
692 3292 752 3357 (om.
772 3289 836 3377 γάρ)
859 3291 907 3344 καί
929 3289 979 3351 τὰς
1001 3291 1066 3358 περί
1083 3291 1187 3344 τούτου

169 3355 344 3426 προφητείας
362 3358 466 3426 ἠκουεν
484 3358 513 3412 Ρ.
535 3363 608 3410 -“3
627 3357 725 3429 ἠγνόει
747 3363 808 3413 καθ
840 3360 910 3428 άπερ
934 3360 970 3429 n)
991 3362 1040 3414 καί
1061 3361 1089 3415 οἱ
1107 3367 1186 3416 θελοι
1288 3404 1289 3409 ,

170 3427 281 3495 ἄγγελοι
299 3428 347 3482 καί
365 3430 397 3483 τὸ
417 3429 509 3500 βάθος
525 3437 582 3482 τῶν
601 3425 707 3498 βήσεοιν
725 3430 774 3484 καί
791 3438 847 3486 τῶν
866 3430 1037 3500 αἰνιγμάτων
1055 3433 1087 3486 τό
1104 3431 1186 3486 άτίκ-
1288 3458 1289 3477 ι

169 3515 274 3565 μαρτον
290 3497 320 3550 Ρ.
336 3529 369 3538 -
390 3505 423 3553 14
443 3499 492 3570 ιε’]
508 3497 576 3553 δέκα
590 3499 613 3552 Ρ
627 3500 769 3571 Iv.Regg.
781 3506 824 3569 20,
836 3507 876 3555 11.
893 3533 926 3542 -
946 3508 979 3555 21
998 3503 1069 3570 πρὸς
1084 3503 1185 3575 αὐτὸν]
1288 3506 1289 3529 ³

167 3566 239 3633 πρὸς
255 3567 328 3628 τοὺς.
