2617 3909
199 213 263 278 174
504 214 690 265 Γωαενιου
708 215 891 266 ποσιτιον

195 363 269 444 πρὸς
288 358 394 442 Ἰακὼβ
415 363 551 443 εὐλογίαν
574 362 731 441 δοθεῖσαν,
757 361 798 435 δός
821 379 897 441 φησι
921 363 1127 443 Θεοδώρητος,
1152 363 1210 425 ὅτι·

97 474 137 516 1²³
150 474 181 515 Μ.
195 462 281 542 γίνου
312 461 414 542 κῦριος
441 469 494 521 τοῦ
526 458 658 538 ἀδελφοῦ
686 477 741 520 σου
764 452 867 522 Ἡσαῦ.
912 461 1042 534 πατάξας
1069 459 1126 541 γάρ
1155 461 1211 539 τήν

192 552 371 638 Ἰδουμαίαν,
393 557 444 640 καλ
467 559 620 639 γενόμενοι
641 558 749 630 πάντες
769 559 800 618 οί
817 558 850 620 ἐκ
867 567 920 620 τοῦ
934 553 1029 619 Ἡσαῦ
1044 552 1211 637 Ἰδουμαῖοι

195 657 298 717 δοῦλοι
318 662 358 738 τήν
377 656 489 735 Δαυίδ,
516 653 644 734 ἐπέθηκε
671 665 707 740 τῇ
730 656 889 736 προρρήσει
911 657 943 718 τὸ
966 654 1046 729 τέλος
1069 656 1210 733 ψάλλων·

168 751 243 816 σέπλ
264 751 320 831 τήν
338 747 509 832 Ἰδουμαίαν
535 753 665 833 ἐπιβαλῶ
692 754 725 814 τὸ
753 752 895 832 ὑπόδημά
921 777 987 832 μου.
1033 752 1100 831 ἐμοὶ
1123 753 1211 816 ἀλλό-

195 855 287 930 φυλοι
312 849 507 932 ὑπετάγησαν.
553 851 585 912 οί
610 851 712 931 γάρτοι
732 845 891 930 Ἰδουμαῖοι
918 851 1067 932 πρόγονον
1093 851 1211 932 ἔχοντες

194 946 246 1008 τὸν
265 941 374 1028 Ἡσαῦ,
401 947 430 1022 ἐξ
454 941 491 1009 οὗ
517 947 567 1009 καλ
590 949 645 1027 τήν
669 949 870 1030 προσηγορίαν
897 948 1067 1029 ἐσχήκασιν,
1094 943 1211 1030 (Ἑδὼμ

193 1045 249 1127 γὰρ
272 1043 437 1125 ὠνομάσθη
461 1055 520 1108 τῖον
542 1047 747 1128 πρωτοτοκίων
766 1046 818 1108 τὸν
836 1047 935 1125 φακὸν
953 1041 1151 1130 προτιμήσας)
1172 1047 1210 1108 οῦ

193 1152 246 1224 τής
268 1145 467 1226 προσηγορίας
489 1144 593 1224 μόνον,
615 1142 688 1204 ἀλλὰ
710 1142 760 1204 καλ
778 1154 830 1231 τῆς
848 1147 1042 1224 μνησικακίας
1060 1155 1115 1206 τοῦ
1134 1167 1210 1226 προ-

155 1241 321 1323 ιοπάτορος
343 1241 477 1324 ἐγένοντο
500 1241 687 1323 κληρονόμοι.
733 1240 783 1302 καί
810 1241 906 1324 ὥσπερ
928 1242 1039 1316 ἐκεῖνος
1062 1241 1210 1322 ἐπίμονον

194 1339 258 1421 έσχε
280 1339 354 1400 κατὰ
375 1350 429 1402 τοῦ
448 1335 553 1420 Ἰακὼβ
575 1339 630 1420 τήν
652 1337 745 1420 όργήν
763 1338 811 1400 ἐπλ
828 1345 973 1420 πλεῖστον,
997 1338 1035 1414 ὡς
1053 1339 1104 1401 καὶ
1124 1341 1209 1421 διαρ-

193 1437 291 1518 ρήδην
313 1438 418 1499 εἰπεῖν·
442 1437 639 1519 ἐγγισάτωσαν
666 1438 700 1498 αἱ
724 1434 830 1519 ἡμέραι
852 1447 905 1498 τοῦ
928 1438 1036 1518 πατρός
1058 1461 1133 1518 μου,
1157 1438 1209 1498 ἵνα

193 1534 355 1596 ἀποκτείνω
375 1529 480 1615 Ἰακὼβ
502 1534 553 1596 τὸν
575 1534 707 1612 ἀδελφόν
730 1556 798 1615 μου,
821 1535 898 1596 οότω
920 1533 970 1596 καὶ
993 1528 1076 1597 οὗτοι
1093 1541 1157 1608 τοῖς
1177 1535 1208 1608 ἐξ

191 1626 295 1711 Ἰακὼβ
318 1632 461 1709 διηνεκῶς
484 1638 672 1710 φθονοῦντες
690 1631 860 1712 ἐπιβουλαῖς
877 1627 940 1694 κατ’
961 1633 1059 1693 αὐτῶν
1078 1631 1207 1714 ἐχρῶντο

154 1750 180 1791 15
194 1729 323 1809 μυρίαις,
345 1727 396 1789 καλ
418 1726 507 1807 ήνίκα
529 1727 583 1807 μὲν
605 1739 658 1810 της
681 1730 885 1810 Αἰγυπτιακῆς
904 1728 1114 1812 ἀπαλλαγέντες
1134 1731 1207 1792 δου-

193 1827 272 1898 λείας
298 1825 398 1886 έλθεῖν
425 1827 467 1899 είς
489 1826 545 1906 τήν
566 1825 785 1908 ἐπηγγελμένην
811 1827 1028 1908 ήβουλήθησαν
1055 1837 1124 1910 γήν,
1152 1837 1208 1890 τοῦ

193 1921 349 1998 Μωῦσέως
381 1921 549 2006 ἡγουμένου
579 1925 629 1985 καλ
663 1927 924 2006 προστατεύοντος,
956 1925 992 1987 οῦ
1025 1925 1118 2006 μόνον
1151 1926 1207 2008 οὐχ

192 2019 368 2095 ὑπεδέξαντο
398 2022 603 2105 φιλοφρόνως,
632 2019 696 2083 ἀλλ’
721 2021 790 2084 οῦδὲ
818 2025 947 2084 διελθεῖν
975 2023 1024 2084 διὰ
1050 2033 1103 2103 τῆς
1126 2024 1207 2098 ίδίας

193 2119 402 2201 συνεχώρησαν
432 2121 542 2202 χώρας,
573 2120 623 2181 καὶ
653 2129 744 2180 ταῦτα
775 2129 827 2182 τοῦ
855 2123 941 2182 θείου
968 2119 1125 2195 Μωῦσέως
1154 2121 1207 2182 διδι

154 2239 181 2278 νο
193 2209 379 2300 πρεσβευτῶν
401 2217 655 2301 παρακαλέσαντος
677 2217 726 2278 καὶ
749 2217 952 2299 ὑποσχομένου
976 2217 1016 2293 ὡς
1034 2219 1089 2280 οὐκ
1108 2219 1205 2280 ἐκκλί-

193 2335 279 2378 νουσι
303 2315 382 2389 δεξιδι
404 2315 425 2396 ἢ
451 2316 600 2398 ἀριστερά,
628 2311 690 2377 ἀλλ’
717 2315 775 2400 ὁδῷ
797 2317 932 2400 βασιλική
956 2318 1131 2397 βαδιοῦνται
1153 2316 1206 2377 καὶ

193 2413 361 2475 αὐτοῦτοῦ
388 2415 495 2488 ὕδατος
522 2414 577 2494 τήν
603 2415 702 2496 χρείαν
730 2411 902 2492 ὠνούμενοι.
947 2412 996 2474 καλ
1019 2413 1089 2493 μετὰ
1111 2423 1206 2474 ταῦτα

194 2510 226 2572 δέ
249 2520 376 2591 συνεχῶς
398 2512 453 2590 τήν
476 2512 587 2573 οἰκείαν
614 2509 790 2590 δυσμένειαν
812 2511 1030 2592 ἐπεδείκνυντο,
1055 2509 1124 2573 ποτὲ
1149 2509 1205 2592 μέν

193 2607 280 2685 μόνοι
310 2601 374 2667 κατ’
403 2607 501 2668 αὐτῶν
532 2610 697 2689 στρατεύειν
729 2608 952 2690 ἐπιχειροῦντες,
984 2608 1053 2671 ποτὲ
1081 2606 1113 2670 δὲ
1140 2617 1206 2684 τοῖς

154 2725 180 2766 ατ
193 2709 371 2782 πολεμοῦσιν
394 2703 495 2778 αὐτοῖς
521 2705 719 2785 ἐπαμῦνοντες
741 2708 913 2792 προθύμως.
958 2705 1008 2767 καὶ
1031 2705 1129 2785 μέντοι
1153 2708 1205 2768 καλ

193 2799 283 2880 ήνίκα
313 2802 403 2862 πάλιν
430 2796 579 2884 Ἀσσῦριοι
614 2803 664 2865 καὶ
694 2805 880 2885 Βαβυλώνιοι
911 2809 973 2878 ταῖς
1004 2798 1067 2865 κατ’
1102 2804 1205 2866 αὐτῶν

193 2898 351 2981 ἐχρήσαντο
374 2903 561 2982 προσβολαῖς,
585 2902 675 2983 μυρία
698 2903 752 2964 ὅσα
780 2901 905 2982 ἔδρασαν
923 2902 965 2975 είς
987 2901 1095 2975 αὐτοὺς
1118 2903 1205 2965 δεινὰ

193 2999 230 3059 οῦ
258 2996 490 3078 συμπράττοντες
517 2998 610 3079 μόνον
635 3005 697 3072 τοῖς
724 3000 887 3080 πολεμίοις,
916 2998 989 3060 ἀλλὰ
1015 2997 1065 3061 καὶ
1096 3000 1205 3081 λόχους

264 3185 279 3232 2
295 3177 362 3233 Gen.
379 3183 422 3246 αι,
436 3183 478 3231 κο.
494 3210 527 3218 -
547 3184 562 3232 ι
581 3177 683 3234 psalm,
700 3184 749 3232 τοι
766 3182 847 3250 (108),
863 3185 903 3233 10.
919 3212 953 3220 -
969 3185 1002 3234 ιν
1017 3178 1084 3234 Gen.
1100 3185 1144 3247 ει,
1159 3187 1203 3235 41.

263 3327 280 3373 4
297 3329 347 3375 τοῦ
366 3321 422 3374 δᾶδ
439 3318 523 3373 BGH
541 3324 580 3374 τῶ
597 3337 647 3375 om.
665 3321 694 3374 F.
714 3353 748 3361 —
774 3327 805 3375 17
825 3319 935 3391 μωσέως
952 3320 1148 3380 ΒΡΗΒἾ.,-
1169 3323 1204 3376 οῦ

192 3388 280 3459 μόνον
297 3408 348 3446 ονε.
362 3389 420 3444 AG.
436 3421 469 3430 -
485 3396 518 3444 20
533 3375 688 3445 ἐκκλινοῦσι
703 3391 777 3446 GPR
798 3390 935 3447 ἐκλίνουσι
949 3392 1004 3447 CF.
1019 3425 1053 3433 -
1072 3397 1105 3445 21
1122 3393 1205 3458 δεξιᾶ

192 3460 364 3516 AFGHMV.
381 3493 417 3501 —
435 3461 566 3530 άριστερᾶ
584 3461 706 3516 AGHM.

263 3588 296 3636 28
316 3584 552 3654 συμπραττόμενοι
569 3585 600 3639 P.
