2617 3909
360 214 546 266 ΓΕΩΡΓΙΟΤ
564 214 746 267 ΜΟΝΑΧΟΤ
764 215 951 267 XPONIKON
1141 215 1160 279 ἵ

151 353 195 423 ὧν
216 360 266 423 καί
288 362 402 423 θυσίαν
424 367 464 446 τῷ
487 366 548 444 θεῷ
566 361 762 444 προσαγαγὼν
788 361 838 423 καί
861 362 977 443 δεχθεὶς
1001 362 1162 445 ἀναιρεῖται

153 458 323 538 φθονηθεὶς
345 458 405 522 ὑπὸ
424 468 476 521 τοῦ
494 458 625 537 ἀδελφοῦ
648 458 742 522 αὐτοῦ
759 461 846 521 Κάϊν.
883 458 899 523 6
921 458 953 523 ἀλ
970 462 1050 522 Κάϊν
1072 484 1162 543 γεωρ-

151 556 203 638 γὸς
216 557 367 638 τυγχάνων
381 556 429 619 καί
444 555 514 636 μετὰ
527 556 582 636 την
595 558 757 638 καταδίκην
772 558 910 638 χειρόνως
923 559 1034 637 βιώσας
1046 568 1161 642 πρῶτος
1174 572 1187 613 ⁵
1200 572 1232 613 Μ.

151 653 241 737 μέτρα
267 654 317 716 καί
339 656 470 734 στάθμια
496 653 546 717 καί
572 664 627 736 γῆς
654 656 744 736 όρονς
766 655 932 735 ἐπενόησεν.
978 651 1039 719 εἶτα
1061 658 1161 731 κτίσας

150 751 184 813 έν
206 761 244 836 γῇ
263 752 346 815 Ναίν
367 754 455 817 πόλιν
477 751 629 826 κατέναντι
643 746 734 833 Ἐδὲμ
750 753 940 834 ἐπωνόμασεν
958 754 1053 835 αὐτὴν
1067 751 1187 837 Ἐνάχι

150 850 193 923 είς
215 848 310 929 ὄνομα
331 859 384 912 τοῦ
405 852 473 913 νίοῦ
492 850 584 913 αὐτοῦ
599 844 704 931 Ἑνώχ,
727 850 777 913 καί
798 852 841 925 είς
857 854 895 913 ἓν
913 857 1068 916 συνελθεῖν
1091 853 1162 928 τοὺς

149 948 279 1022 οἰκείους
305 947 473 1030 ἀναγκάσας
504 948 546 1021 είς
572 948 719 1028 πολέμους
747 948 853 1013 ἑαυτὸν
879 948 1046 1031 ἀπησχόλει.
1091 952 1162 1031 μετὰ

152 1042 184 1106 δὲ
206 1054 297 1106 ταῦτα
319 1055 372 1126 τῆς
395 1045 490 1119 οίκίας
513 1041 559 1107 ἐπ’
580 1046 673 1109 αὐτὸν
694 1047 841 1126 πεσούσης
861 1045 1022 1109 ἀπέθανεν.
1068 1046 1084 1111 6
1108 1047 1162 1129 μὲν

149 1135 207 1205 οάν
222 1141 310 1223 ’Ἅβελ
332 1143 368 1203 τά
390 1143 560 1226 πρωτότοκα
581 1149 644 1227 θεῷ
666 1149 817 1227 καθιερῶν
840 1143 985 1222 φιλόθεον
1008 1145 1160 1227 μᾶλλονῆ

151 1242 296 1317 φίλαυτον
319 1240 424 1303 ἑαυτὸν
446 1243 578 1321 συνίστη,
620 1241 694 1304 ὅθεν
716 1241 765 1303 καί
788 1241 838 1303 διὰ
857 1252 909 1321 τῆς
926 1240 1046 1324 ἀγαθῆς
1068 1242 1161 1305 αὐτοῦ
1175 1266 1202 1306 το

150 1337 345 1420 προαιρέσεως
371 1337 564 1421 προσεάέχθη.
610 1337 626 1400 6
654 1337 687 1401 ἀὲ
708 1340 788 1401 Κάλν
815 1338 908 1424 ἑαυτῷ
931 1338 985 1419 μὲν
1012 1341 1161 1421 δυσσεβῶς

150 1434 308 1515 ἀπονέμων
329 1436 365 1497 τά
388 1437 669 1519 πρωτογεννήματα,
691 1443 754 1521 θεῷ
773 1436 805 1499 δὲ
827 1438 862 1499 τά
885 1438 1020 1520 δεύτερα,
1042 1438 1161 1513 εἰκότως

151 1532 201 1595 καί
223 1532 390 1615 ἀπεβλήθη.
437 1534 511 1615 φησί
538 1535 605 1617 γάρ·
633 1534 684 1597 καί
711 1533 821 1616 ἐγένετο
845 1529 913 1614 μεθ’
938 1533 1049 1618 ἡμέρας
1070 1555 1161 1618 προσ·

149 1630 254 1713 ήνεγκε
281 1633 361 1693 Κάϊν
387 1630 446 1694 ἀπὸ
474 1642 533 1695 τῶν
560 1642 682 1715 καρπῶν
710 1642 764 1713 τῆς
789 1643 852 1715 γῆς.
898 1633 970 1696 ὥστε
999 1634 1050 1695 ἀιά
1075 1645 1162 1697 τοῦτο

149 1730 229 1791 Κάϊν
251 1727 393 1811 ἐλέγχεται
415 1730 460 1793 ότι
478 1732 518 1810 μη
542 1729 578 1791 τὰ
595 1729 756 1812 ἀκροθίνια
777 1740 837 1793 τῶν
858 1733 1049 1813 γεννημάτων
1070 1750 1161 1814 προσ·
1175 1754 1200 1795 ετ

149 1828 254 1909 η’νεγκε
280 1834 321 1912 τῷ
347 1833 426 1912 θεῷ,
455 1826 527 1889 ἀλλά
558 1827 593 1889 τὰ
626 1823 695 1907 μεθ’
720 1826 830 1909 ἡμέρας
860 1828 910 1891 καί
939 1829 1067 1912 δεύτερα.
1112 1829 1160 1892 καλ

150 1924 166 1987 6
192 1923 246 2004 μὲν
267 1926 348 1987 Κάϊν
374 1923 511 2007 έγέννησε
538 1924 590 1989 τόν
609 1920 718 2006 Ἑνώχ,
746 1923 762 1987 ό
789 1925 822 1989 δὲ
842 1920 936 2007 Ἑνὼχ
963 1926 1014 1991 τόν
1036 1928 1161 2008 Γαλλλοίά,

149 2021 166 2085 6
190 2020 222 2085 δέ
244 2022 360 2085 Γαϊόάὃ
382 2023 434 2085 τὸν
451 2024 569 2104 Μαιήλ,
592 2021 608 2085 6
631 2022 664 2085 δέ
687 2024 795 2103 Μαιηλ
816 2024 868 2087 τόν
886 2026 1089 2105 Μαθουσάλα,
1111 2024 1161 2087 καλ

149 2119 166 2183 6
189 2121 385 2183 Μαθονσάλα
406 2120 458 2183 τὸν
480 2122 595 2201 Λάμεχ’
623 2118 657 2195 ὃς
684 2120 734 2183 καί
760 2121 815 2184 ἀόο
837 2127 982 2202 γυναῖκας
1008 2120 1161 2203 ἀγόμενος,

146 2213 256 2279 Ἐλόάν
278 2217 328 2280 καί
345 2219 469 2299 Σελλάν,
491 2217 628 2301 ἐγέννησε
650 2218 703 2281 τὸν
718 2215 816 2300 Ἰωβέλ
837 2218 887 2281 καί
905 2219 957 2282 τόν
971 2214 1088 2299 Ἰουβάλ
1107 2219 1201 2282 καίεο

221 2412 291 2461 1-1
309 2409 344 2477 ef.
359 2406 487 2463 Eustath.
502 2408 521 2463 ί,
535 2410 553 2463 λ.
569 2414 620 2462 '149
630 2408 663 2462 D.
683 2407 803 2478 Syncell.
816 2426 847 2479 ρ.
869 2412 911 2476 16,
926 2413 1006 2533 θεηγι.
1038 2407 1094 2463 Leo
1112 2406 1159 2463 Gr.

144 2495 176 2547 γ.
191 2482 216 2547 8,
232 2482 312 2548 όεηη.
345 2478 459 2534 Cedren.
474 2477 494 2532 I.
510 2496 539 2549 μ.
556 2484 707 2549 16,16εηη.
722 2511 757 2519 -
776 2483 845 2533 7-8
859 2480 894 2547 cf.
908 2479 964 2533 Leo

150 2548 264 2604 Cedren.
279 2549 299 2603 Ι.
310 2566 341 2619 μ.
357 2555 399 2617 16,
415 2556 438 2604 1.
453 2582 488 2591 -
503 2556 590 2605 8-13
604 2551 638 2618 cs.
653 2550 684 2606 L.
699 2549 745 2605 Gr.
756 2567 786 2620 μ.
802 2555 826 2618 6,
842 2555 875 2603 16
884 2567 939 2619 τηρ.
955 2581 988 2591 -
1005 2555 1108 2606 13—15
1124 2552 1159 2619 cf.

148 2620 179 2674 L.
190 2621 236 2676 Gr.
242 2638 272 2690 μ.
284 2625 308 2689 ό,
319 2625 413 2692 λθεηη.
429 2652 462 2663 -
478 2627 511 2677 13
526 2620 594 2677 Gen.
605 2628 630 2690 4,
640 2627 665 2675 3.
677 2652 711 2664 -
726 2626 799 2675 16-
802 2639 833 2691 μ,
844 2626 893 2689 8‚5
903 2623 938 2690 cf.
949 2620 1069 2691 Synoell.
1076 2640 1105 2692 μ.
1117 2628 1159 2687 16,

150 2696 247 2763 12ορρ.
267 2691 297 2747 L.
312 2691 358 2749 Gr.
372 2710 403 2763 p.
419 2697 444 2761 8,
460 2697 493 2746 10
501 2710 557 2762 εηη.
589 2692 719 2747 Ευελολλι.
738 2693 755 2748 λ.
771 2694 788 2747 ί.
805 2697 855 2746 ⁷62
869 2693 901 2747 A
935 2691 1003 2747 Gen.
1019 2700 1046 2762 4,
1062 2699 1094 2748 17
1104 2711 1159 2764 sqq.

1003 2497 1024 2535 r.
1038 2497 1065 2549 γ.
1081 2485 1105 2548 8,
1116 2486 1158 2534 21.

222 2865 237 2914 3
252 2860 385 2931 όττάργων
394 2859 428 2915 N.
439 2891 472 2901 -
489 2866 504 2914 ό
519 2862 598 2917 Nato
611 2860 680 2916 Gon.
691 2866 769 2916 -12
783 2860 1020 2933 κρωτογενήματα
1029 2861 1114 2917 Acl).
1124 2894 1159 2904 -

151 2936 184 2985 18
202 2932 251 2985 καλ
272 2947 322 2986 om.
343 2929 407 2986 GN.
428 2962 462 2972 -
482 2938 515 2986 14
533 2931 574 2987 δι’
590 2934 677 2987 αὐτοῦ
698 2931 804 2988 κάϊνἾ
827 2932 876 2988 ἀιά
892 2941 942 2988 τοῦ
961 2932 1027 2988 κάϊν
1046 2932 1072 2986 N
1089 2949 1157 2988 corr.

148 3004 181 3057 ἀν
198 3001 230 3061 D.
251 3034 285 3043 -
310 3008 343 3057 15
362 3002 524 3073 ἀτροθήνια
542 3002 713 3059 ABOGNP.
732 3035 767 3046 -
785 3005 948 3075 γενημάτων
971 3002 1160 3059 ABGDGLP

147 3072 230 3130 Exeo.
250 3074 285 3128 de
303 3073 365 3128 virt.
384 3106 417 3115 -—
437 3079 471 3129 1⁸
490 3074 574 3145 μαιήλ
592 3074 662 3131 ALP
679 3075 754 3145 μαηλ
771 3074 827 3129 ΒΝ
845 3074 978 3145 μαλελεήλ
996 3074 1073 3130 CGV
1089 3072 1157 3129 Gen.

149 3144 230 3214 Sync.
241 3144 319 3199 Eunt.
329 3145 452 3213 Μαουήλ
461 3146 524 3201 Leo.
536 3178 569 3187 -
585 3151 618 3201 19
633 3147 682 3201 καί
695 3163 745 3202 ονε.
756 3144 791 3203 N.
807 3178 840 3187 —
855 3151 889 3200 20
904 3146 988 3203 έλθᾶν
1001 3145 1023 3199 L
1038 3140 1159 3215 έλδάμΡ

149 3211 236 3271 έλάἀδ
249 3214 274 3271 G
288 3215 411 3273 ἀλθάνΒ
424 3214 488 3274 Ἀθά
498 3214 565 3273 Gen.
580 3249 616 3259 -
629 3216 728 3274 σελλάν
741 3216 817 3272 cLP
833 3216 902 3275 Gen.
917 3215 1000 3272 σελάν
1014 3214 1157 3274 ABGNV.

149 3318 184 3327 —
202 3285 284 3360 ίωβλλ
302 3286 406 3343 BCLP
429 3286 509 3361 ίίοβελ
528 3287 552 3341 Ι)
576 3287 661 3361 ίωβὴλ
679 3288 714 3344 Η.
745 3290 795 3345 τὸν
813 3288 894 3361 ίωβλλ
912 3288 961 3343 καλ
979 3304 1029 3345 om.
1044 3286 1102 3343 AV.

220 3452 236 3501 ό
256 3442 322 3517 έάλμ
340 3447 390 3502 καί
408 3442 590 3517 έπτονομοίσας
607 3448 637 3503 P.
658 3479 692 3489 -
711 3454 763 3503 §.6
782 3442 851 3511 ἕνάς
868 3454 982 3517 umqum
999 3449 1057 3504 λοοο
1074 3447 1106 3504 Ρ.
1125 3480 1159 3490 -

150 3517 282 3587 θφιλόθ.
302 3539 328 3589 μ.
347 3515 366 3587 ἢ
386 3520 442 3589 φίλ.
461 3518 513 3588 τὴν
532 3514 633 3577 ἑαυτοῦ
657 3521 798 3587 συνίστησι
820 3520 998 3588 προαίρεσιν,
1021 3519 1092 3575 ὅθεν
1110 3519 1159 3572 καί

148 3587 326 3661 προσεάέγθη
345 3589 435 3645 PLeo.
456 3622 489 3631 -
510 3594 542 3643 13
561 3590 610 3644 καλ
627 3590 800 3659 προσήνεγκε
818 3588 847 3641 P.
945 3631 949 3636 .
