2617 3909
157 206 234 257 Lxx
562 205 765 257 PRAEFATIO

156 354 276 417 saecula
303 353 436 429 lectores,
469 371 594 428 cumque
622 373 724 413 omnes
757 354 818 412 fere
846 355 1025 429 posteriores
1052 354 1180 413 chrono-

157 444 265 521 graphi
291 443 360 501 inde
388 443 551 518 hauserint,
583 442 693 503 idcirco
717 444 854 502 criticum
882 462 1004 518 operam
1030 443 1102 503 dare
1129 444 1180 501 illi

157 535 284 609 oportet.
325 531 390 590 Iam
414 550 482 591 cum
503 533 612 608 prioris
636 534 769 593 chronici
796 550 872 591 nnus
895 534 1026 608 supersit
1048 532 1178 608 liberP,

156 640 233 679 unus
265 620 346 698 quod
376 621 469 680 sciam
501 640 536 679 er
569 640 603 681 eo
633 621 716 681 locus
743 622 882 680 laudetur
913 613 959 702 (in
987 619 1180 681 Constantini

156 710 408 787 Porphyrogeniti
439 710 474 770 de
497 710 664 770 administr.
688 711 759 787 imp.
783 710 861 770 libro
881 729 925 787 cp.
948 713 999 785 14,
1021 731 1050 787 p.
1067 712 1177 785 90,13

157 799 201 857 ed.
224 790 340 879 Bonn),
375 801 572 858 retractatum
604 800 764 861 chronicon
801 799 992 858 adhibuerint
1023 803 1054 858 et
1086 800 1180 859 ceteri

156 888 375 965 chronographi
407 890 438 947 et
471 887 662 948 Constantini
692 889 946 967 Porphyrogeniti
983 892 1179 965 excerptores,

157 996 230 1051 quos
263 980 381 1037 secutus
414 978 459 1037 est
491 976 613 1053 Suidas,
649 977 799 1054 imprimis
830 980 1028 1038 retractatum
1060 981 1179 1037 textum

154 1068 373 1142 repraesentari
402 1068 526 1125 maximi
552 1070 699 1128 momenti
731 1086 793 1127 esse
820 1068 1013 1126 manifestum
1041 1070 1095 1126 est.
1140 1066 1180 1127 In

156 1175 217 1232 quo
244 1175 312 1217 cum
334 1158 417 1233 prius
444 1156 606 1217 chronicon
634 1158 733 1231 edere,
759 1158 938 1217 retractatos
966 1157 1047 1217 locos
1070 1158 1102 1215 in
1126 1157 1179 1215 ad·

155 1247 310 1305 notatione
330 1248 434 1307 critica
448 1246 585 1305 exhibere
603 1264 794 1322 nequaquam
813 1245 961 1323 expediat,
979 1247 1177 1305 retractatum

155 1336 286 1410 textum,
313 1336 510 1411 archetypum
538 1335 652 1396 scilicet
679 1336 824 1395 librorum
846 1339 966 1411 praeter
988 1334 1018 1392 P
1043 1336 1179 1395 omnium

155 1424 301 1498 codicem,
328 1425 487 1497 restituere
516 1443 607 1500 quam
634 1426 763 1483 marimo
792 1426 917 1485 conatus
943 1442 1025 1499 sum,
1057 1424 1129 1482 libri
1151 1424 1183 1481 P

155 1513 298 1571 lectiones
320 1514 365 1571 ita
389 1512 497 1587 adieci,
527 1516 562 1571 ut
591 1514 700 1589 prioris
728 1514 861 1573 chronici
887 1516 986 1573 textus
1014 1513 1104 1573 facile
1133 1514 1179 1573 di-

155 1603 259 1678 gnosci
280 1603 383 1677 possit.

223 1687 331 1749 Omnes
354 1690 387 1747 in
409 1709 468 1749 uno
498 1694 658 1765 conspectu
681 1692 822 1750 collocari
848 1691 991 1755 lectiones
1015 1693 1115 1749 textus
1139 1690 1177 1749 ab

155 1778 291 1839 omnihus
314 1780 380 1863 fere,
400 1779 532 1838 librariis
555 1780 595 1837 ad
618 1780 778 1839 arbitrium
800 1781 912 1840 mutati
934 1783 965 1838 et
988 1781 1070 1840 aucti
1092 1780 1178 1839 volu-

154 1868 235 1927 mine
262 1887 322 1926 non
349 1870 475 1943 possunt
506 1868 565 1927 nisi
592 1869 672 1927 tanti
698 1870 843 1944 ambitus,
875 1872 910 1927 ut
937 1870 1065 1927 nimium
1091 1868 1179 1928 fieret

155 1957 294 2016 editionis
323 1958 460 2033 pretium.
507 1957 550 2016 Ut
578 1958 674 2036 igitur
699 1958 885 2018 inveniretur
915 1958 1095 2034 redemptor,
1123 1959 1179 2033 qui

156 2064 230 2122 opus
262 2047 494 2122 imprimendum
526 2048 703 2123 susciperet,
736 2048 877 2106 editionis
910 2047 1058 2107 ambitum
1085 2066 1179 2123 quam

155 2136 319 2211 plurimum
341 2134 445 2195 minui.
483 2136 528 2195 Ac
546 2138 679 2212 primum
697 2136 819 2213 quidem
837 2138 965 2196 maiores
984 2137 1065 2195 locos
1083 2137 1178 2194 inter-

153 2226 272 2301 polatos
287 2228 317 2285 et
335 2226 573 2285 continuationes
593 2244 652 2283 non
675 2226 708 2283 in
726 2225 919 2284 adnotatione
939 2225 1044 2285 critica
1062 2224 1177 2299 addidi,

155 2314 207 2372 sod
230 2333 298 2373 cum
320 2314 467 2373 indicibus
491 2315 523 2375 in
546 2316 686 2373 volumen
708 2316 834 2373 tertium
855 2316 1019 2393 segregavi.
1060 2314 1178 2374 Deinde

156 2406 337 2479 apparatum
366 2404 504 2463 criticum
536 2406 683 2480 quantum
714 2403 781 2462 fieri
811 2405 913 2479 potuit
940 2404 1084 2463 contraxi.
1130 2404 1178 2464 Ex

155 2492 272 2568 ingenti
299 2493 399 2550 autem
427 2494 579 2551 vanarum
607 2493 769 2551 lectionum
797 2511 902 2551 acervo
933 2493 1087 2552 eliminavi
1114 2493 1177 2552 fore

156 2598 357 2656 quascumque
385 2582 498 2657 singuli
525 2583 645 2641 tantum
677 2582 748 2640 libri
777 2584 932 2642 continent
962 2582 1073 2658 quippe
1101 2601 1177 2658 quas

154 2668 273 2728 librarii
299 2688 359 2727 non
382 2688 417 2727 ex
440 2670 524 2729 libris
554 2670 724 2747 archetypis
746 2673 1014 2747 transscripserint,
1042 2671 1095 2731 sed
1116 2672 1179 2747 ipsi

156 2759 332 2835 plerumque
364 2760 475 2818 temere
508 2761 752 2837 excogitaverint.
798 2759 863 2818 Hae
896 2762 1037 2820 lectiones
1072 2780 1179 2837 quam·

156 2867 247 2923 quam
269 2847 318 2906 hic
340 2848 404 2907 illic
428 2868 532 2909 ausam
549 2848 695 2925 praebent
717 2849 795 2908 unde
814 2852 968 2925 appareat,
992 2850 1076 2925 quali
1098 2849 1177 2909 libro

153 2938 329 3014 posterioris
362 2939 470 2997 aetatis
502 2939 747 3017 chronographus
775 2938 885 3013 aliquis
912 2958 983 2998 usus
1011 2940 1065 3012 sit,
1096 2939 1179 2999 idem

154 3030 257 3087 tamen
280 3046 316 3085 ex
338 3026 515 3087 lectionibus
540 3046 613 3102 quas
633 3027 776 3087 exhibebo
798 3030 936 3105 cognosci
958 3029 1032 3087 satis
1055 3030 1177 3104 poterit.

154 3116 201 3175 Ne
223 3117 318 3195 igitur
342 3118 430 3192 aptae
454 3116 492 3175 ad
509 3119 626 3177 textum
647 3117 866 3177 restituendum
889 3118 938 3175 vel
961 3116 1000 3176 ad
1017 3118 1178 3182 historiam

155 3206 290 3265 codicum
316 3206 551 3284 cognoscendam
578 3206 721 3267 lectiones
748 3206 904 3265 inutilium
930 3208 1061 3265 maxima
1089 3207 1178 3282 copia

155 3294 362 3370 obruerentur,
394 3297 513 3372 praetor
544 3314 591 3355 res
624 3295 869 3373 orthographicas
902 3295 1044 3355 lectiones
1075 3297 1178 3355 varias

154 3402 358 3459 quaecumque
381 3386 413 3443 in
436 3384 572 3460 pluribus
594 3384 680 3444 libris
703 3386 898 3444 inveniuntur
920 3384 1049 3460 exhibui,
1075 3403 1177 3445 omnes

153 3472 225 3547 fere,
258 3492 461 3549 quaecumque
494 3474 620 3551 singulis
651 3475 772 3549 praeter
803 3473 832 3531 P
859 3474 945 3533 libris
977 3474 1179 3548 continentur,

153 3560 251 3621 omisi.
297 3561 382 3621 Libri
404 3563 433 3619 P
454 3563 534 3621 locos
563 3561 723 3637 ampliores
752 3582 770 3621 a
792 3562 977 3638 reliquorum
1003 3564 1089 3622 textu
1116 3563 1178 3623 dis-
