<?xml version="1.0" encoding="UTF-8"?>
<!DOCTYPE html PUBLIC "-//W3C//DTD XHTML 1.0 Transitional//EN"
    "http://www.w3.org/TR/xhtml1/DTD/xhtml1-transitional.dtd">
<html xmlns="http://www.w3.org/1999/xhtml" xml:lang="en" lang="en">
 <head>
  <title>
</title>
<meta http-equiv="Content-Type" content="text/html;charset=utf-8" />
  <meta name='ocr-system' content='tesseract 3.04.00' />
  <meta name='ocr-capabilities' content='ocr_page ocr_carea ocr_par ocr_line ocrx_word'/>
</head>
<body>
  <div class='ocr_page' id='page_1' title='image "./georgiimonachic01boorgoog_0108.png"; bbox 0 0 2617 3909; ppageno 0'>
   <div class='ocr_carea' id='block_1_1' title="bbox 164 244 865 309">
    <p class='ocr_par' dir='ltr' id='par_1_1' title="bbox 164 244 865 309">
     <span class='ocr_line' id='line_1_1' title="bbox 164 244 865 309; baseline -0.003 -13"><span class='ocrx_word' id='word_1_1' title='bbox 164 245 208 309; x_wconf 79' lang='lat'><strong><em>20</em></strong></span> <span class='ocrx_word' id='word_1_2' title='bbox 477 244 664 296; x_wconf 72' lang='grc' dir='ltr'><strong><em>Γοαεοιοε</em></strong></span> <span class='ocrx_word' id='word_1_3' title='bbox 682 244 865 295; x_wconf 73' lang='grc' dir='ltr'><strong><em>ΜοεεΑΧοε</em></strong></span> 
     </span>
    </p>
   </div>
   <div class='ocr_carea' id='block_1_2' title="bbox 139 389 1180 868">
    <p class='ocr_par' dir='ltr' id='par_1_2' title="bbox 139 389 1180 868">
     <span class='ocr_line' id='line_1_2' title="bbox 164 389 1179 475; baseline -0.003 -20"><span class='ocrx_word' id='word_1_4' title='bbox 164 394 252 475; x_wconf 83' lang='grc' dir='ltr'><strong><em>ρήξῳ.</em></strong></span> <span class='ocrx_word' id='word_1_5' title='bbox 293 392 382 466; x_wconf 85' lang='grc' dir='ltr'><strong><em>αύτὸς</em></strong></span> <span class='ocrx_word' id='word_1_6' title='bbox 405 392 594 471; x_wconf 76' lang='grc' dir='ltr'><strong><em>οἰκοδομήσει</em></strong></span> <span class='ocrx_word' id='word_1_7' title='bbox 615 391 671 470; x_wconf 85' lang='grc' dir='ltr'><strong><em>τήν</em></strong></span> <span class='ocrx_word' id='word_1_8' title='bbox 691 390 778 452; x_wconf 89' lang='grc' dir='ltr'><strong><em>πόλιν</em></strong></span> <span class='ocrx_word' id='word_1_9' title='bbox 801 414 859 470; x_wconf 86' lang='grc' dir='ltr'><strong><em>μου</em></strong></span> <span class='ocrx_word' id='word_1_10' title='bbox 882 389 932 452; x_wconf 79' lang='grc' dir='ltr'><strong><em>καὶ</em></strong></span> <span class='ocrx_word' id='word_1_11' title='bbox 955 390 1009 468; x_wconf 82' lang='grc' dir='ltr'><strong><em>τήν</em></strong></span> <span class='ocrx_word' id='word_1_12' title='bbox 1032 389 1179 470; x_wconf 79' lang='grc' dir='ltr'><strong><em>αἰχμαλω-</em></strong></span> 
     </span>
     <span class='ocr_line' id='line_1_3' title="bbox 165 482 1180 572; baseline -0.004 -19"><span class='ocrx_word' id='word_1_13' title='bbox 165 493 234 553; x_wconf 88' lang='grc' dir='ltr'><strong><em>σίαν</em></strong></span> <span class='ocrx_word' id='word_1_14' title='bbox 256 501 308 553; x_wconf 86' lang='grc' dir='ltr'><strong><em>τοῦ</em></strong></span> <span class='ocrx_word' id='word_1_15' title='bbox 330 495 404 552; x_wconf 82' lang='grc' dir='ltr'><strong><em>λαοῦ</em></strong></span> <span class='ocrx_word' id='word_1_16' title='bbox 427 513 485 568; x_wconf 89' lang='grc' dir='ltr'><strong><em>μου</em></strong></span> <span class='ocrx_word' id='word_1_17' title='bbox 508 488 686 571; x_wconf 77' lang='grc' dir='ltr'><strong><em>ἐπιστρέψει,</em></strong></span> <span class='ocrx_word' id='word_1_18' title='bbox 710 482 773 550; x_wconf 81' lang='grc' dir='ltr'><strong><em>εἷπε</em></strong></span> <span class='ocrx_word' id='word_1_19' title='bbox 795 490 898 572; x_wconf 86' lang='grc' dir='ltr'><strong><em>κύριος</em></strong></span> <span class='ocrx_word' id='word_1_20' title='bbox 918 488 1063 569; x_wconf 88' lang='grc' dir='ltr'><strong><em>Σαβαάθ.</em></strong></span> <span class='ocrx_word' id='word_1_21' title='bbox 1109 486 1180 550; x_wconf 81' lang='grc' dir='ltr'><strong><em>ὅδὲ</em></strong></span> 
     </span>
     <span class='ocr_line' id='line_1_4' title="bbox 165 586 1180 671; baseline -0.004 -21"><span class='ocrx_word' id='word_1_22' title='bbox 165 593 267 671; x_wconf 78' lang='grc' dir='ltr'><strong><em>Κύρος</em></strong></span> <span class='ocrx_word' id='word_1_23' title='bbox 289 587 420 661; x_wconf 88' lang='grc' dir='ltr'><strong><em>άιιούσας</em></strong></span> <span class='ocrx_word' id='word_1_24' title='bbox 441 597 533 649; x_wconf 71' lang='grc' dir='ltr'><strong><em>ταῦτα</em></strong></span> <span class='ocrx_word' id='word_1_25' title='bbox 561 587 643 649; x_wconf 82' lang='grc' dir='ltr'><strong><em>ἔπεσε</em></strong></span> <span class='ocrx_word' id='word_1_26' title='bbox 670 586 744 668; x_wconf 85' lang='grc' dir='ltr'><strong><em>πρὸς</em></strong></span> <span class='ocrx_word' id='word_1_27' title='bbox 772 586 841 660; x_wconf 82' lang='grc' dir='ltr'><strong><em>τούς</em></strong></span> <span class='ocrx_word' id='word_1_28' title='bbox 863 586 959 660; x_wconf 81' lang='grc' dir='ltr'><strong><em>πόδας</em></strong></span> <span class='ocrx_word' id='word_1_29' title='bbox 981 586 1097 665; x_wconf 80' lang='grc' dir='ltr'><strong><em>Δανιήλ</em></strong></span> <span class='ocrx_word' id='word_1_30' title='bbox 1120 586 1180 664; x_wconf 88' lang='grc' dir='ltr'><strong><em>φά-</em></strong></span> 
     </span>
     <span class='ocr_line' id='line_1_5' title="bbox 166 677 1180 770; baseline -0.004 -22"><span class='ocrx_word' id='word_1_31' title='bbox 166 703 259 748; x_wconf 82' lang='grc' dir='ltr'><strong><em>σκων·</em></strong></span> <span class='ocrx_word' id='word_1_32' title='bbox 283 689 317 770; x_wconf 78' lang='grc' dir='ltr'><strong><em>ζή</em></strong></span> <span class='ocrx_word' id='word_1_33' title='bbox 341 687 443 766; x_wconf 86' lang='grc' dir='ltr'><strong><em>ινύριος</em></strong></span> <span class='ocrx_word' id='word_1_34' title='bbox 466 684 572 759; x_wconf 85' lang='grc' dir='ltr'><strong><em>δθεός</em></strong></span> <span class='ocrx_word' id='word_1_35' title='bbox 596 702 660 746; x_wconf 91' lang='grc' dir='ltr'><strong><em>σου.</em></strong></span> <span class='ocrx_word' id='word_1_36' title='bbox 701 683 757 766; x_wconf 76' lang='grc' dir='ltr'><strong><em>ἐγὼ</em></strong></span> <span class='ocrx_word' id='word_1_37' title='bbox 781 683 920 746; x_wconf 80' lang='grc' dir='ltr'><strong><em>ἀπολύσω</em></strong></span> <span class='ocrx_word' id='word_1_38' title='bbox 943 685 994 746; x_wconf 84' lang='grc' dir='ltr'><strong><em>τὸν</em></strong></span> <span class='ocrx_word' id='word_1_39' title='bbox 1010 677 1125 764; x_wconf 80' lang='grc' dir='ltr'><strong><em>Ἰσραήλ</em></strong></span> <span class='ocrx_word' id='word_1_40' title='bbox 1147 683 1180 746; x_wconf 77' lang='grc' dir='ltr'><strong><em>ἔτι</em></strong></span> 
     </span>
     <span class='ocr_line' id='line_1_6' title="bbox 139 775 1180 868; baseline -0.003 -22"><span class='ocrx_word' id='word_1_41' title='bbox 139 794 218 864; x_wconf 79' lang='grc' dir='ltr'><strong><em>στής</em></strong></span> <span class='ocrx_word' id='word_1_42' title='bbox 240 794 296 866; x_wconf 81' lang='grc' dir='ltr'><strong><em>χής</em></strong></span> <span class='ocrx_word' id='word_1_43' title='bbox 319 806 388 864; x_wconf 84' lang='grc' dir='ltr'><strong><em>μου,</em></strong></span> <span class='ocrx_word' id='word_1_44' title='bbox 411 784 461 844; x_wconf 81' lang='grc' dir='ltr'><strong><em>ἴνα</em></strong></span> <span class='ocrx_word' id='word_1_45' title='bbox 484 784 662 865; x_wconf 86' lang='grc' dir='ltr'><strong><em>λατρεύσῳσι</em></strong></span> <span class='ocrx_word' id='word_1_46' title='bbox 684 790 723 868; x_wconf 77' lang='grc' dir='ltr'><strong><em>τῷ</em></strong></span> <span class='ocrx_word' id='word_1_47' title='bbox 738 788 799 866; x_wconf 78' lang='grc' dir='ltr'><strong><em>θεῷ</em></strong></span> <span class='ocrx_word' id='word_1_48' title='bbox 817 782 916 844; x_wconf 80' lang='grc' dir='ltr'><strong><em>αὐτῶν</em></strong></span> <span class='ocrx_word' id='word_1_49' title='bbox 934 781 966 844; x_wconf 79' lang='grc' dir='ltr'><strong><em>ἕν</em></strong></span> <span class='ocrx_word' id='word_1_50' title='bbox 981 775 1180 863; x_wconf 77' lang='grc' dir='ltr'><strong><em>Ἰερουσαλήμ.</em></strong></span> 
     </span>
    </p>
   </div>
   <div class='ocr_carea' id='block_1_3' title="bbox 165 872 1307 964">
    <p class='ocr_par' dir='ltr' id='par_1_3' title="bbox 165 872 1307 964">
     <span class='ocr_line' id='line_1_7' title="bbox 165 872 1307 964; baseline -0.004 -21"><span class='ocrx_word' id='word_1_51' title='bbox 165 880 215 943; x_wconf 81' lang='grc' dir='ltr'><strong><em>καί</em></strong></span> <span class='ocrx_word' id='word_1_52' title='bbox 233 879 428 961; x_wconf 77' lang='grc' dir='ltr'><strong><em>ὁπλισάμενος</em></strong></span> <span class='ocrx_word' id='word_1_53' title='bbox 451 882 630 962; x_wconf 76' lang='grc' dir='ltr'><strong><em>παρετάξατο</em></strong></span> <span class='ocrx_word' id='word_1_54' title='bbox 650 881 779 964; x_wconf 92' lang='grc' dir='ltr'><strong><em>Κροίσῳ.</em></strong></span> <span class='ocrx_word' id='word_1_55' title='bbox 821 872 916 942; x_wconf 82' lang='grc' dir='ltr'><strong><em>δούν</em></strong></span> <span class='ocrx_word' id='word_1_56' title='bbox 939 884 1067 960; x_wconf 85' lang='grc' dir='ltr'><strong><em>Κροῖσος</em></strong></span> <span class='ocrx_word' id='word_1_57' title='bbox 1089 878 1187 942; x_wconf 56' lang='grc' dir='ltr'><strong><em>άιιού-γ</em></strong></span> <span class='ocrx_word' id='word_1_58' title='bbox 1306 893 1307 896; x_wconf 75' lang='grc'>’</span> 
     </span>
    </p>
   </div>
   <div class='ocr_carea' id='block_1_4' title="bbox 89 977 1184 2332">
    <p class='ocr_par' dir='ltr' id='par_1_4' title="bbox 89 977 1184 2332">
     <span class='ocr_line' id='line_1_8' title="bbox 166 977 1181 1061; baseline -0.001 -21"><span class='ocrx_word' id='word_1_59' title='bbox 166 997 219 1053; x_wconf 87' lang='grc' dir='ltr'><strong><em>σοις</em></strong></span> <span class='ocrx_word' id='word_1_60' title='bbox 242 989 294 1040; x_wconf 82' lang='grc' dir='ltr'><strong><em>τοῦ</em></strong></span> <span class='ocrx_word' id='word_1_61' title='bbox 317 988 450 1061; x_wconf 81' lang='grc' dir='ltr'><strong><em>χρησμοῦ</em></strong></span> <span class='ocrx_word' id='word_1_62' title='bbox 478 979 533 1057; x_wconf 84' lang='grc' dir='ltr'><strong><em>τήν</em></strong></span> <span class='ocrx_word' id='word_1_63' title='bbox 555 977 713 1061; x_wconf 87' lang='grc' dir='ltr'><strong><em>άπάιιρισιν</em></strong></span> <span class='ocrx_word' id='word_1_64' title='bbox 738 979 855 1060; x_wconf 75' lang='grc' dir='ltr'><strong><em>ὥρμησε</em></strong></span> <span class='ocrx_word' id='word_1_65' title='bbox 882 977 956 1039; x_wconf 81' lang='grc' dir='ltr'><strong><em>κατὰ</em></strong></span> <span class='ocrx_word' id='word_1_66' title='bbox 976 978 1082 1060; x_wconf 88' lang='grc' dir='ltr'><strong><em>Κύρου</em></strong></span> <span class='ocrx_word' id='word_1_67' title='bbox 1110 977 1181 1057; x_wconf 88' lang='grc' dir='ltr'><strong><em>μετδι</em></strong></span> 
     </span>
     <span class='ocr_line' id='line_1_9' title="bbox 165 1072 1181 1157; baseline -0.002 -19"><span class='ocrx_word' id='word_1_68' title='bbox 165 1081 276 1156; x_wconf 80' lang='grc' dir='ltr'><strong><em>πολλῆς</em></strong></span> <span class='ocrx_word' id='word_1_69' title='bbox 299 1077 468 1157; x_wconf 82' lang='grc' dir='ltr'><strong><em>δυνάμεως,</em></strong></span> <span class='ocrx_word' id='word_1_70' title='bbox 493 1075 544 1137; x_wconf 82' lang='grc' dir='ltr'><strong><em>καί</em></strong></span> <span class='ocrx_word' id='word_1_71' title='bbox 566 1077 673 1157; x_wconf 84' lang='grc' dir='ltr'><strong><em>διαβάς</em></strong></span> <span class='ocrx_word' id='word_1_72' title='bbox 695 1075 746 1137; x_wconf 90' lang='grc' dir='ltr'><strong><em>τὸν</em></strong></span> <span class='ocrx_word' id='word_1_73' title='bbox 761 1072 855 1137; x_wconf 68' lang='grc' dir='ltr'><strong><em>’Ἅλυν</em></strong></span> <span class='ocrx_word' id='word_1_74' title='bbox 878 1075 1011 1155; x_wconf 85' lang='grc' dir='ltr'><strong><em>ποταμὸν</em></strong></span> <span class='ocrx_word' id='word_1_75' title='bbox 1033 1075 1083 1137; x_wconf 86' lang='grc' dir='ltr'><strong><em>ιιαλ</em></strong></span> <span class='ocrx_word' id='word_1_76' title='bbox 1106 1093 1181 1156; x_wconf 85' lang='grc' dir='ltr'><strong><em>σομ-</em></strong></span> 
     </span>
     <span class='ocr_line' id='line_1_10' title="bbox 166 1171 1181 1261; baseline -0.001 -25"><span class='ocrx_word' id='word_1_77' title='bbox 166 1174 265 1255; x_wconf 86' lang='grc' dir='ltr'><strong><em>βαλὼν</em></strong></span> <span class='ocrx_word' id='word_1_78' title='bbox 283 1181 323 1260; x_wconf 78' lang='grc' dir='ltr'><strong><em>τῷ</em></strong></span> <span class='ocrx_word' id='word_1_79' title='bbox 335 1175 427 1261; x_wconf 89' lang='grc' dir='ltr'><strong><em>Κύρῳ</em></strong></span> <span class='ocrx_word' id='word_1_80' title='bbox 445 1184 588 1255; x_wconf 75' lang='grc' dir='ltr'><strong><em>χειμῶνος</em></strong></span> <span class='ocrx_word' id='word_1_81' title='bbox 607 1173 693 1247; x_wconf 80' lang='grc' dir='ltr'><strong><em>ὄντος</em></strong></span> <span class='ocrx_word' id='word_1_82' title='bbox 711 1175 839 1257; x_wconf 76' lang='grc' dir='ltr'><strong><em>μεγάλου</em></strong></span> <span class='ocrx_word' id='word_1_83' title='bbox 857 1171 983 1253; x_wconf 83' lang='grc' dir='ltr'><strong><em>ήττήθη.</em></strong></span> <span class='ocrx_word' id='word_1_84' title='bbox 1019 1171 1181 1253; x_wconf 74' lang='grc' dir='ltr'><strong><em>ἠβουλήθη</em></strong></span> 
     </span>
     <span class='ocr_line' id='line_1_11' title="bbox 126 1271 1182 1354; baseline -0.003 -19"><span class='ocrx_word' id='word_1_85' title='bbox 126 1296 152 1335; x_wconf 85' lang='lat'><strong><em>10</em></strong></span> <span class='ocrx_word' id='word_1_86' title='bbox 167 1271 199 1334; x_wconf 79' lang='grc' dir='ltr'><strong><em>δὲ</em></strong></span> <span class='ocrx_word' id='word_1_87' title='bbox 227 1278 336 1354; x_wconf 72' lang='grc' dir='ltr'><strong><em>φυγεῖν</em></strong></span> <span class='ocrx_word' id='word_1_88' title='bbox 364 1271 434 1352; x_wconf 83' lang='grc' dir='ltr'><strong><em>μετὰ</em></strong></span> <span class='ocrx_word' id='word_1_89' title='bbox 461 1281 513 1333; x_wconf 77' lang='grc' dir='ltr'><strong><em>τοῦ</em></strong></span> <span class='ocrx_word' id='word_1_90' title='bbox 541 1276 614 1334; x_wconf 83' lang='grc' dir='ltr'><strong><em>λαοῦ</em></strong></span> <span class='ocrx_word' id='word_1_91' title='bbox 642 1273 749 1353; x_wconf 80' lang='grc' dir='ltr'><strong><em>αὐτοῦ,</em></strong></span> <span class='ocrx_word' id='word_1_92' title='bbox 777 1271 826 1333; x_wconf 83' lang='grc' dir='ltr'><strong><em>καί</em></strong></span> <span class='ocrx_word' id='word_1_93' title='bbox 853 1282 905 1333; x_wconf 77' lang='grc' dir='ltr'><strong><em>τοῦ</em></strong></span> <span class='ocrx_word' id='word_1_94' title='bbox 929 1281 1062 1351; x_wconf 81' lang='grc' dir='ltr'><strong><em>ποταμοῦ</em></strong></span> <span class='ocrx_word' id='word_1_95' title='bbox 1085 1276 1182 1352; x_wconf 91' lang='grc' dir='ltr'><strong><em>πλημ-</em></strong></span> 
     </span>
     <span class='ocr_line' id='line_1_12' title="bbox 167 1367 1181 1453; baseline -0.002 -21"><span class='ocrx_word' id='word_1_96' title='bbox 167 1380 332 1453; x_wconf 77' lang='grc' dir='ltr'><strong><em>μυρούνιος</em></strong></span> <span class='ocrx_word' id='word_1_97' title='bbox 364 1370 419 1431; x_wconf 80' lang='grc' dir='ltr'><strong><em>ούιι</em></strong></span> <span class='ocrx_word' id='word_1_98' title='bbox 448 1368 592 1449; x_wconf 88' lang='grc' dir='ltr'><strong><em>ἠδυνήθη</em></strong></span> <span class='ocrx_word' id='word_1_99' title='bbox 620 1380 754 1452; x_wconf 81' lang='grc' dir='ltr'><strong><em>περᾶσαι.</em></strong></span> <span class='ocrx_word' id='word_1_100' title='bbox 799 1370 906 1432; x_wconf 86' lang='grc' dir='ltr'><strong><em>τούτου</em></strong></span> <span class='ocrx_word' id='word_1_101' title='bbox 935 1367 1033 1431; x_wconf 71' lang='grc' dir='ltr'><strong><em>ἔνεπεν</em></strong></span> <span class='ocrx_word' id='word_1_102' title='bbox 1060 1369 1181 1448; x_wconf 74' lang='grc' dir='ltr'><strong><em>ἐλήφθη</em></strong></span> 
     </span>
     <span class='ocr_line' id='line_1_13' title="bbox 167 1464 1182 1549; baseline 0 -21"><span class='ocrx_word' id='word_1_103' title='bbox 167 1469 357 1548; x_wconf 85' lang='grc' dir='ltr'><strong><em>αἰχμάλωτος,</em></strong></span> <span class='ocrx_word' id='word_1_104' title='bbox 380 1465 430 1528; x_wconf 85' lang='grc' dir='ltr'><strong><em>ιιαί</em></strong></span> <span class='ocrx_word' id='word_1_105' title='bbox 453 1465 583 1529; x_wconf 81' lang='grc' dir='ltr'><strong><em>ἀπώλετο</em></strong></span> <span class='ocrx_word' id='word_1_106' title='bbox 606 1468 641 1528; x_wconf 85' lang='grc' dir='ltr'><strong><em>τὰ</em></strong></span> <span class='ocrx_word' id='word_1_107' title='bbox 665 1469 768 1547; x_wconf 87' lang='grc' dir='ltr'><strong><em>πλήθη</em></strong></span> <span class='ocrx_word' id='word_1_108' title='bbox 788 1467 880 1529; x_wconf 83' lang='grc' dir='ltr'><strong><em>αύιού</em></strong></span> <span class='ocrx_word' id='word_1_109' title='bbox 899 1467 1024 1549; x_wconf 79' lang='grc' dir='ltr'><strong><em>χιλιάδες</em></strong></span> <span class='ocrx_word' id='word_1_110' title='bbox 1046 1464 1089 1547; x_wconf 82' lang='grc' dir='ltr'><strong><em>ν’,</em></strong></span> <span class='ocrx_word' id='word_1_111' title='bbox 1111 1467 1182 1540; x_wconf 85' lang='grc' dir='ltr'><strong><em>τούς</em></strong></span> 
     </span>
     <span class='ocr_line' id='line_1_14' title="bbox 167 1562 1181 1648; baseline 0.002 -23"><span class='ocrx_word' id='word_1_112' title='bbox 167 1563 199 1627; x_wconf 81' lang='grc' dir='ltr'><strong><em>δὲ</em></strong></span> <span class='ocrx_word' id='word_1_113' title='bbox 222 1563 466 1646; x_wconf 83' lang='grc' dir='ltr'><strong><em>περιλειφθέντας</em></strong></span> <span class='ocrx_word' id='word_1_114' title='bbox 493 1564 522 1638; x_wconf 73' lang='grc' dir='ltr'><strong><em>ἐξ</em></strong></span> <span class='ocrx_word' id='word_1_115' title='bbox 550 1564 649 1626; x_wconf 81' lang='grc' dir='ltr'><strong><em>αὐτῶν</em></strong></span> <span class='ocrx_word' id='word_1_116' title='bbox 676 1565 779 1644; x_wconf 78' lang='grc' dir='ltr'><strong><em>ἐλαβεν</em></strong></span> <span class='ocrx_word' id='word_1_117' title='bbox 806 1566 1006 1646; x_wconf 83' lang='grc' dir='ltr'><strong><em>αἰχμαλώτους</em></strong></span> <span class='ocrx_word' id='word_1_118' title='bbox 1033 1562 1048 1626; x_wconf 90' lang='grc' dir='ltr'><strong><em>δ</em></strong></span> <span class='ocrx_word' id='word_1_119' title='bbox 1071 1569 1181 1648; x_wconf 84' lang='grc' dir='ltr'><strong><em>Κύρος.</em></strong></span> 
     </span>
     <span class='ocr_line' id='line_1_15' title="bbox 167 1659 1183 1744; baseline 0.001 -22"><span class='ocrx_word' id='word_1_120' title='bbox 167 1663 219 1724; x_wconf 83' lang='grc' dir='ltr'><strong><em>τὸν</em></strong></span> <span class='ocrx_word' id='word_1_121' title='bbox 242 1659 274 1722; x_wconf 81' lang='grc' dir='ltr'><strong><em>δὲ</em></strong></span> <span class='ocrx_word' id='word_1_122' title='bbox 291 1665 424 1742; x_wconf 81' lang='grc' dir='ltr'><strong><em>Κροῖσον</em></strong></span> <span class='ocrx_word' id='word_1_123' title='bbox 447 1660 614 1744; x_wconf 81' lang='grc' dir='ltr'><strong><em>ἀναρτήσας</em></strong></span> <span class='ocrx_word' id='word_1_124' title='bbox 636 1661 684 1724; x_wconf 75' lang='grc' dir='ltr'><strong><em>ἐπί</em></strong></span> <span class='ocrx_word' id='word_1_125' title='bbox 708 1663 797 1737; x_wconf 84' lang='grc' dir='ltr'><strong><em>ξύλου</em></strong></span> <span class='ocrx_word' id='word_1_126' title='bbox 821 1662 977 1743; x_wconf 70' lang='grc' dir='ltr'><strong><em>δεδεμένον</em></strong></span> <span class='ocrx_word' id='word_1_127' title='bbox 999 1661 1049 1724; x_wconf 78' lang='grc' dir='ltr'><strong><em>καί</em></strong></span> <span class='ocrx_word' id='word_1_128' title='bbox 1071 1668 1183 1744; x_wconf 88' lang='grc' dir='ltr'><strong><em>θριαμ-</em></strong></span> 
     </span>
     <span class='ocr_line' id='line_1_16' title="bbox 128 1749 1183 1844; baseline -0.002 -20"><span class='ocrx_word' id='word_1_129' title='bbox 128 1783 153 1824; x_wconf 83' lang='lat'><strong><em>15</em></strong></span> <span class='ocrx_word' id='word_1_130' title='bbox 167 1760 276 1839; x_wconf 84' lang='grc' dir='ltr'><strong><em>βεύσας</em></strong></span> <span class='ocrx_word' id='word_1_131' title='bbox 303 1758 395 1820; x_wconf 86' lang='grc' dir='ltr'><strong><em>αύτδν</em></strong></span> <span class='ocrx_word' id='word_1_132' title='bbox 422 1765 462 1843; x_wconf 80' lang='grc' dir='ltr'><strong><em>τῳ</em></strong></span> <span class='ocrx_word' id='word_1_133' title='bbox 489 1766 601 1844; x_wconf 75' lang='grc' dir='ltr'><strong><em>στρατῷ</em></strong></span> <span class='ocrx_word' id='word_1_134' title='bbox 625 1759 718 1822; x_wconf 79' lang='grc' dir='ltr'><strong><em>αὐτοῦ</em></strong></span> <span class='ocrx_word' id='word_1_135' title='bbox 745 1759 919 1842; x_wconf 76' lang='grc' dir='ltr'><strong><em>καταγαγὼν</em></strong></span> <span class='ocrx_word' id='word_1_136' title='bbox 945 1749 994 1821; x_wconf 76' lang='grc' dir='ltr'><strong><em>παὶ</em></strong></span> <span class='ocrx_word' id='word_1_137' title='bbox 1021 1759 1183 1842; x_wconf 80' lang='grc' dir='ltr'><strong><em>ἀπαγαγὼν</em></strong></span> 
     </span>
     <span class='ocr_line' id='line_1_17' title="bbox 167 1856 1182 1943; baseline 0 -25"><span class='ocrx_word' id='word_1_138' title='bbox 167 1857 200 1919; x_wconf 78' lang='grc' dir='ltr'><strong><em>ἐν</em></strong></span> <span class='ocrx_word' id='word_1_139' title='bbox 227 1858 352 1939; x_wconf 88' lang='grc' dir='ltr'><strong><em>Περσίδι</em></strong></span> <span class='ocrx_word' id='word_1_140' title='bbox 383 1858 506 1943; x_wconf 91' lang='grc' dir='ltr'><strong><em>θανάτῳ</em></strong></span> <span class='ocrx_word' id='word_1_141' title='bbox 538 1856 689 1940; x_wconf 79' lang='grc' dir='ltr'><strong><em>παρέδωκε</em></strong></span> <span class='ocrx_word' id='word_1_142' title='bbox 721 1857 772 1919; x_wconf 85' lang='grc' dir='ltr'><strong><em>τὸν</em></strong></span> <span class='ocrx_word' id='word_1_143' title='bbox 800 1857 834 1918; x_wconf 85' lang='grc' dir='ltr'><strong><em>τά</em></strong></span> <span class='ocrx_word' id='word_1_144' title='bbox 861 1857 997 1941; x_wconf 81' lang='grc' dir='ltr'><strong><em>ἀλλότρια</em></strong></span> <span class='ocrx_word' id='word_1_145' title='bbox 1027 1857 1077 1920; x_wconf 79' lang='grc' dir='ltr'><strong><em>καί</em></strong></span> <span class='ocrx_word' id='word_1_146' title='bbox 1108 1856 1182 1940; x_wconf 78' lang='grc' dir='ltr'><strong><em>ὑπὲρ</em></strong></span> 
     </span>
     <span class='ocr_line' id='line_1_18' title="bbox 89 1953 1183 2038; baseline 0.002 -24"><span class='ocrx_word' id='word_1_147' title='bbox 89 1979 103 2013; x_wconf 90' lang='grc'><strong><em>.·</em></strong></span> <span class='ocrx_word' id='word_1_148' title='bbox 168 1954 298 2035; x_wconf 91' lang='grc' dir='ltr'><strong><em>δύναμιν</em></strong></span> <span class='ocrx_word' id='word_1_149' title='bbox 321 1953 477 2035; x_wconf 74' lang='grc' dir='ltr'><strong><em>ἐφιέμενον</em></strong></span> <span class='ocrx_word' id='word_1_150' title='bbox 502 1954 552 2017; x_wconf 81' lang='grc' dir='ltr'><strong><em>καί</em></strong></span> <span class='ocrx_word' id='word_1_151' title='bbox 574 1955 681 2018; x_wconf 77' lang='grc' dir='ltr'><strong><em>ἑαυτὸν</em></strong></span> <span class='ocrx_word' id='word_1_152' title='bbox 708 1954 758 2016; x_wconf 81' lang='grc' dir='ltr'><strong><em>καί</em></strong></span> <span class='ocrx_word' id='word_1_153' title='bbox 781 1956 816 2016; x_wconf 84' lang='grc' dir='ltr'><strong><em>τά</em></strong></span> <span class='ocrx_word' id='word_1_154' title='bbox 839 1956 901 2018; x_wconf 81' lang='grc' dir='ltr'><strong><em>ίδια</em></strong></span> <span class='ocrx_word' id='word_1_155' title='bbox 923 1954 1183 2038; x_wconf 82' lang='grc' dir='ltr'><strong><em>προσαπολέσαντα</em></strong></span> 
     </span>
     <span class='ocr_line' id='line_1_19' title="bbox 169 2049 1184 2136; baseline 0.001 -22"><span class='ocrx_word' id='word_1_156' title='bbox 169 2051 219 2114; x_wconf 85' lang='grc' dir='ltr'><strong><em>διά</em></strong></span> <span class='ocrx_word' id='word_1_157' title='bbox 238 2053 352 2133; x_wconf 86' lang='grc' dir='ltr'><strong><em>πολλήν</em></strong></span> <span class='ocrx_word' id='word_1_158' title='bbox 370 2052 544 2134; x_wconf 79' lang='grc' dir='ltr'><strong><em>ἀπληστίαν,</em></strong></span> <span class='ocrx_word' id='word_1_159' title='bbox 567 2053 638 2127; x_wconf 86' lang='grc' dir='ltr'><strong><em>τούς</em></strong></span> <span class='ocrx_word' id='word_1_160' title='bbox 656 2051 688 2115; x_wconf 77' lang='grc' dir='ltr'><strong><em>δὲ</em></strong></span> <span class='ocrx_word' id='word_1_161' title='bbox 706 2053 792 2126; x_wconf 84' lang='grc' dir='ltr'><strong><em>νίούς</em></strong></span> <span class='ocrx_word' id='word_1_162' title='bbox 807 2049 922 2136; x_wconf 79' lang='grc' dir='ltr'><strong><em>Ἰσραήλ</em></strong></span> <span class='ocrx_word' id='word_1_163' title='bbox 939 2054 1051 2127; x_wconf 91' lang='grc' dir='ltr'><strong><em>πάντας</em></strong></span> <span class='ocrx_word' id='word_1_164' title='bbox 1069 2053 1184 2127; x_wconf 79' lang='grc' dir='ltr'><strong><em>εύθέαις</em></strong></span> 
     </span>
     <span class='ocr_line' id='line_1_20' title="bbox 168 2146 1184 2233; baseline 0.002 -22"><span class='ocrx_word' id='word_1_165' title='bbox 168 2151 239 2231; x_wconf 89' lang='grc' dir='ltr'><strong><em>μετά</em></strong></span> <span class='ocrx_word' id='word_1_166' title='bbox 253 2151 423 2232; x_wconf 82' lang='grc' dir='ltr'><strong><em>Ζοροβάβελ</em></strong></span> <span class='ocrx_word' id='word_1_167' title='bbox 441 2149 585 2213; x_wconf 80' lang='grc' dir='ltr'><strong><em>άπὲλυσεν</em></strong></span> <span class='ocrx_word' id='word_1_168' title='bbox 603 2151 636 2213; x_wconf 80' lang='grc' dir='ltr'><strong><em>ἕν</em></strong></span> <span class='ocrx_word' id='word_1_169' title='bbox 649 2146 848 2233; x_wconf 77' lang='grc' dir='ltr'><strong><em>Ἰερουσαλήμ.</em></strong></span> <span class='ocrx_word' id='word_1_170' title='bbox 880 2150 930 2213; x_wconf 82' lang='grc' dir='ltr'><strong><em>καί</em></strong></span> <span class='ocrx_word' id='word_1_171' title='bbox 950 2152 1026 2213; x_wconf 86' lang='grc' dir='ltr'><strong><em>ούτα</em></strong></span> <span class='ocrx_word' id='word_1_172' title='bbox 1044 2161 1103 2212; x_wconf 85' lang='grc' dir='ltr'><strong><em>τῶν</em></strong></span> <span class='ocrx_word' id='word_1_173' title='bbox 1116 2156 1184 2213; x_wconf 91' lang='grc' dir='ltr'><strong><em>Λυ-</em></strong></span> 
     </span>
     <span class='ocr_line' id='line_1_21' title="bbox 129 2246 1183 2332; baseline -0.004 -18"><span class='ocrx_word' id='word_1_174' title='bbox 129 2274 155 2314; x_wconf 78' lang='grc' dir='ltr'><strong><em>εο</em></strong></span> <span class='ocrx_word' id='word_1_175' title='bbox 169 2250 231 2310; x_wconf 83' lang='grc' dir='ltr'><strong><em>δῶν</em></strong></span> <span class='ocrx_word' id='word_1_176' title='bbox 253 2250 404 2328; x_wconf 84' lang='grc' dir='ltr'><strong><em>κατελύθη</em></strong></span> <span class='ocrx_word' id='word_1_177' title='bbox 423 2246 442 2328; x_wconf 89' lang='grc' dir='ltr'><strong><em>ή</em></strong></span> <span class='ocrx_word' id='word_1_178' title='bbox 461 2250 594 2329; x_wconf 83' lang='grc' dir='ltr'><strong><em>βασιλεία</em></strong></span> <span class='ocrx_word' id='word_1_179' title='bbox 614 2248 674 2310; x_wconf 86' lang='grc' dir='ltr'><strong><em>ύπὸ</em></strong></span> <span class='ocrx_word' id='word_1_180' title='bbox 692 2249 797 2332; x_wconf 85' lang='grc' dir='ltr'><strong><em>Κύρου</em></strong></span> <span class='ocrx_word' id='word_1_181' title='bbox 817 2247 993 2330; x_wconf 75' lang='grc' dir='ltr'><strong><em>διαραίσασα</em></strong></span> <span class='ocrx_word' id='word_1_182' title='bbox 1010 2248 1084 2310; x_wconf 76' lang='grc' dir='ltr'><strong><em>ἔτεσι</em></strong></span> <span class='ocrx_word' id='word_1_183' title='bbox 1106 2247 1183 2330; x_wconf 88' lang='grc' dir='ltr'><strong><em>σλβ’.</em></strong></span> 
     </span>
    </p>
   </div>
   <div class='ocr_carea' id='block_1_5' title="bbox 458 2421 888 2509">
    <p class='ocr_par' dir='ltr' id='par_1_5' title="bbox 458 2421 888 2509">
     <span class='ocr_line' id='line_1_22' title="bbox 458 2421 888 2509; baseline 0.002 -22"><span class='ocrx_word' id='word_1_184' title='bbox 458 2421 524 2506; x_wconf 79' lang='grc' dir='ltr'><strong><em>[ιγ’.</em></strong></span> <span class='ocrx_word' id='word_1_185' title='bbox 556 2426 645 2509; x_wconf 83' lang='grc' dir='ltr'><strong><em>Περί</em></strong></span> <span class='ocrx_word' id='word_1_186' title='bbox 668 2425 888 2507; x_wconf 85' lang='grc' dir='ltr'><strong><em>Καμβύσου]</em></strong></span> 
     </span>
    </p>
   </div>
   <div class='ocr_carea' id='block_1_6' title="bbox 168 2547 1184 2728">
    <p class='ocr_par' dir='ltr' id='par_1_6' title="bbox 168 2547 1184 2728">
     <span class='ocr_line' id='line_1_23' title="bbox 259 2547 1184 2631; baseline 0.002 -21"><span class='ocrx_word' id='word_1_187' title='bbox 259 2549 347 2611; x_wconf 81' lang='grc' dir='ltr'><strong><em>Μετὰ</em></strong></span> <span class='ocrx_word' id='word_1_188' title='bbox 370 2547 402 2611; x_wconf 72' lang='grc' dir='ltr'><strong><em>δὲ</em></strong></span> <span class='ocrx_word' id='word_1_189' title='bbox 424 2553 529 2630; x_wconf 80' lang='grc' dir='ltr'><strong><em>Κῦρον</em></strong></span> <span class='ocrx_word' id='word_1_190' title='bbox 552 2549 719 2630; x_wconf 76' lang='grc' dir='ltr'><strong><em>ἐβασίλευσε</em></strong></span> <span class='ocrx_word' id='word_1_191' title='bbox 741 2554 867 2631; x_wconf 83' lang='grc' dir='ltr'><strong><em>Δαρεῖος</em></strong></span> <span class='ocrx_word' id='word_1_192' title='bbox 890 2551 955 2624; x_wconf 85' lang='grc' dir='ltr'><strong><em>υίὸς</em></strong></span> <span class='ocrx_word' id='word_1_193' title='bbox 977 2550 1068 2613; x_wconf 79' lang='grc' dir='ltr'><strong><em>αὐτοῦ</em></strong></span> <span class='ocrx_word' id='word_1_194' title='bbox 1095 2548 1184 2612; x_wconf 85' lang='grc' dir='ltr'><strong><em>διιαλ</em></strong></span> 
     </span>
     <span class='ocr_line' id='line_1_24' title="bbox 168 2644 1177 2728; baseline 0 0"><span class='ocrx_word' id='word_1_195' title='bbox 168 2648 335 2728; x_wconf 66' lang='grc' dir='ltr'><strong><em>Καμβύσης</em></strong></span> <span class='ocrx_word' id='word_1_196' title='bbox 357 2647 405 2726; x_wconf 76' lang='grc' dir='ltr'><strong><em>ἔτι</em></strong></span> <span class='ocrx_word' id='word_1_197' title='bbox 430 2644 471 2727; x_wconf 80' lang='grc' dir='ltr'><strong><em>ι’·</em></strong></span> <span class='ocrx_word' id='word_1_198' title='bbox 1175 2675 1177 2679; x_wconf 91' lang='grc'><strong><em>·</em></strong></span> 
     </span>
    </p>
   </div>
   <div class='ocr_carea' id='block_1_7' title="bbox 243 2853 1014 2925">
    <p class='ocr_par' dir='ltr' id='par_1_7' title="bbox 243 2853 1014 2925">
     <span class='ocr_line' id='line_1_25' title="bbox 243 2853 1014 2925; baseline -0.001 -16"><span class='ocrx_word' id='word_1_199' title='bbox 243 2859 347 2909; x_wconf 80' lang='lat'>19-20</span> <span class='ocrx_word' id='word_1_200' title='bbox 365 2853 431 2909; x_wconf 73' lang='lat' dir='ltr'><strong>Mal.</strong></span> <span class='ocrx_word' id='word_1_201' title='bbox 448 2872 476 2924; x_wconf 75' lang='lat' dir='ltr'><strong><em>p.</em></strong></span> <span class='ocrx_word' id='word_1_202' title='bbox 492 2861 552 2923; x_wconf 74' lang='grc' dir='ltr'><strong><em>ιιι,</em></strong></span> <span class='ocrx_word' id='word_1_203' title='bbox 567 2860 591 2909; x_wconf 87' lang='grc' dir='ltr'><strong><em>ο,</em></strong></span> <span class='ocrx_word' id='word_1_204' title='bbox 611 2888 645 2896; x_wconf 94' lang='grc'>-</span> <span class='ocrx_word' id='word_1_205' title='bbox 666 2861 699 2910; x_wconf 77' lang='grc' dir='ltr'><strong><em>ει</em></strong></span> <span class='ocrx_word' id='word_1_206' title='bbox 717 2854 783 2910; x_wconf 68' lang='lat' dir='ltr'>Mal.</span> <span class='ocrx_word' id='word_1_207' title='bbox 799 2873 829 2925; x_wconf 70' lang='lat' dir='ltr'><strong><em>p.</em></strong></span> <span class='ocrx_word' id='word_1_208' title='bbox 846 2859 904 2922; x_wconf 76' lang='grc' dir='ltr'><strong><em>ιιι,</em></strong></span> <span class='ocrx_word' id='word_1_209' title='bbox 922 2861 962 2910; x_wconf 79' lang='grc' dir='ltr'><strong><em>ιε.</em></strong></span> <span class='ocrx_word' id='word_1_210' title='bbox 1012 2882 1014 2888; x_wconf 68' lang='lat'>,</span> 
     </span>
    </p>
   </div>
   <div class='ocr_carea' id='block_1_8' title="bbox 170 3022 1184 3174">
    <p class='ocr_par' dir='ltr' id='par_1_8' title="bbox 170 3022 1184 3174">
     <span class='ocr_line' id='line_1_26' title="bbox 242 3022 1184 3104; baseline 0 -16"><span class='ocrx_word' id='word_1_211' title='bbox 242 3039 276 3088; x_wconf 80' lang='lat'><strong><em>20</em></strong></span> <span class='ocrx_word' id='word_1_212' title='bbox 295 3034 341 3102; x_wconf 70' lang='grc' dir='ltr'><strong><em>ἔτη</em></strong></span> <span class='ocrx_word' id='word_1_213' title='bbox 360 3032 450 3087; x_wconf 82' lang='lat' dir='ltr'>BGR.</span> <span class='ocrx_word' id='word_1_214' title='bbox 475 3066 509 3074; x_wconf 91' lang='lat'>—</span> <span class='ocrx_word' id='word_1_215' title='bbox 533 3039 567 3088; x_wconf 76' lang='lat'><strong><em>22</em></strong></span> <span class='ocrx_word' id='word_1_216' title='bbox 587 3033 602 3088; x_wconf 84' lang='grc' dir='ltr'><strong>ὁ</strong></span> <span class='ocrx_word' id='word_1_217' title='bbox 621 3022 845 3096; x_wconf 68' lang='grc' dir='ltr'><strong><em>οίὸςΒΘΗΒΚ.</em></strong></span> <span class='ocrx_word' id='word_1_218' title='bbox 864 3065 899 3074; x_wconf 90' lang='grc'>-</span> <span class='ocrx_word' id='word_1_219' title='bbox 919 3039 951 3088; x_wconf 81' lang='lat'><strong><em>2³</em></strong></span> <span class='ocrx_word' id='word_1_220' title='bbox 972 3034 1019 3104; x_wconf 74' lang='grc' dir='ltr'><strong><em>διη</em></strong></span> <span class='ocrx_word' id='word_1_221' title='bbox 1037 3033 1066 3087; x_wconf 91' lang='grc' dir='ltr'><strong><em>ν’</em></strong></span> <span class='ocrx_word' id='word_1_222' title='bbox 1087 3033 1114 3086; x_wconf 95' lang='grc' dir='ltr'><strong>Η</strong></span> <span class='ocrx_word' id='word_1_223' title='bbox 1137 3033 1184 3103; x_wconf 75' lang='grc' dir='ltr'><strong><em>διη</em></strong></span> 
     </span>
     <span class='ocr_line' id='line_1_27' title="bbox 170 3104 393 3174; baseline -0.009 -14"><span class='ocrx_word' id='word_1_224' title='bbox 170 3104 344 3174; x_wconf 66' lang='grc' dir='ltr'><strong><em>πεντήκοντα</em></strong></span> <span class='ocrx_word' id='word_1_225' title='bbox 362 3105 393 3159; x_wconf 93' lang='lat' dir='ltr'><strong><em>B.</em></strong></span> 
     </span>
    </p>
   </div>
   <div class='ocr_carea' id='block_1_9' title="bbox 72 3263 1185 3692">
    <p class='ocr_par' dir='ltr' id='par_1_9' title="bbox 72 3263 1185 3692">
     <span class='ocr_line' id='line_1_28' title="bbox 244 3263 1185 3335; baseline -0.001 -16"><span class='ocrx_word' id='word_1_226' title='bbox 244 3271 259 3318; x_wconf 83' lang='grc' dir='ltr'><strong><em>λ</em></strong></span> <span class='ocrx_word' id='word_1_227' title='bbox 278 3265 329 3334; x_wconf 84' lang='grc' dir='ltr'><strong><em>τήν</em></strong></span> <span class='ocrx_word' id='word_1_228' title='bbox 343 3274 393 3320; x_wconf 82' lang='grc' dir='ltr'><strong><em>τοῦ</em></strong></span> <span class='ocrx_word' id='word_1_229' title='bbox 406 3274 531 3335; x_wconf 80' lang='grc' dir='ltr'><strong><em>χρησμοῦ</em></strong></span> <span class='ocrx_word' id='word_1_230' title='bbox 549 3264 700 3334; x_wconf 85' lang='grc' dir='ltr'><strong><em>άπύκρισιν</em></strong></span> <span class='ocrx_word' id='word_1_231' title='bbox 713 3265 810 3320; x_wconf 78' lang='lat' dir='ltr'><strong>PMal.</strong></span> <span class='ocrx_word' id='word_1_232' title='bbox 831 3296 864 3304; x_wconf 96' lang='lat'><strong>—</strong></span> <span class='ocrx_word' id='word_1_233' title='bbox 884 3269 900 3318; x_wconf 79' lang='lat'>9</span> <span class='ocrx_word' id='word_1_234' title='bbox 919 3284 977 3335; x_wconf 79' lang='grc' dir='ltr'><strong><em>μεγ.</em></strong></span> <span class='ocrx_word' id='word_1_235' title='bbox 992 3265 1040 3318; x_wconf 79' lang='grc' dir='ltr'><strong><em>καί</em></strong></span> <span class='ocrx_word' id='word_1_236' title='bbox 1054 3263 1185 3332; x_wconf 72' lang='grc' dir='ltr'><strong><em>ἡττηθεὶς</em></strong></span> 
     </span>
     <span class='ocr_line' id='line_1_29' title="bbox 171 3336 1183 3408; baseline -0.002 -18"><span class='ocrx_word' id='word_1_237' title='bbox 171 3336 319 3407; x_wconf 79' lang='grc' dir='ltr'><strong><em>ἠβουλήθη</em></strong></span> <span class='ocrx_word' id='word_1_238' title='bbox 338 3345 440 3408; x_wconf 74' lang='grc' dir='ltr'><strong><em>φνχεῖν</em></strong></span> <span class='ocrx_word' id='word_1_239' title='bbox 458 3336 555 3390; x_wconf 78' lang='grc' dir='ltr'><strong><em>ΡΜεΙ.</em></strong></span> <span class='ocrx_word' id='word_1_240' title='bbox 581 3368 614 3377; x_wconf 95' lang='lat'><em>-</em></span> <span class='ocrx_word' id='word_1_241' title='bbox 638 3341 673 3390; x_wconf 89' lang='lat'><strong><em>10</em></strong></span> <span class='ocrx_word' id='word_1_242' title='bbox 691 3339 921 3407; x_wconf 81' lang='grc' dir='ltr'><strong><em>πλημμυροῦντος</em></strong></span> <span class='ocrx_word' id='word_1_243' title='bbox 939 3337 971 3391; x_wconf 76' lang='grc' dir='ltr'><strong><em>δὲ</em></strong></span> <span class='ocrx_word' id='word_1_244' title='bbox 988 3343 1038 3390; x_wconf 80' lang='grc' dir='ltr'><strong><em>τοῦ</em></strong></span> <span class='ocrx_word' id='word_1_245' title='bbox 1056 3343 1183 3404; x_wconf 85' lang='grc' dir='ltr'><strong><em>ποταμοῦ</em></strong></span> 
     </span>
     <span class='ocr_line' id='line_1_30' title="bbox 172 3406 1183 3478; baseline -0.002 -17"><span class='ocrx_word' id='word_1_246' title='bbox 172 3407 221 3461; x_wconf 82' lang='grc' dir='ltr'><strong><em>ιιαλ</em></strong></span> <span class='ocrx_word' id='word_1_247' title='bbox 238 3407 276 3477; x_wconf 80' lang='grc' dir='ltr'><strong><em>μὴ</em></strong></span> <span class='ocrx_word' id='word_1_248' title='bbox 295 3408 451 3478; x_wconf 81' lang='grc' dir='ltr'><strong><em>δυνάμενος</em></strong></span> <span class='ocrx_word' id='word_1_249' title='bbox 467 3416 588 3476; x_wconf 85' lang='grc' dir='ltr'><strong><em>περᾶσαι</em></strong></span> <span class='ocrx_word' id='word_1_250' title='bbox 607 3407 718 3477; x_wconf 78' lang='grc' dir='ltr'><strong><em>ἐλήφθη</em></strong></span> <span class='ocrx_word' id='word_1_251' title='bbox 737 3407 846 3478; x_wconf 83' lang='grc' dir='ltr'><strong><em>αἰχμάλ.</em></strong></span> <span class='ocrx_word' id='word_1_252' title='bbox 865 3407 895 3462; x_wconf 91' lang='lat' dir='ltr'><strong><em>P.</em></strong></span> <span class='ocrx_word' id='word_1_253' title='bbox 913 3439 947 3448; x_wconf 89' lang='lat'><em>-</em></span> <span class='ocrx_word' id='word_1_254' title='bbox 967 3413 1000 3461; x_wconf 82' lang='lat'><strong><em>14</em></strong></span> <span class='ocrx_word' id='word_1_255' title='bbox 1018 3407 1067 3460; x_wconf 77' lang='grc' dir='ltr'><strong><em>καί</em></strong></span> <span class='ocrx_word' id='word_1_256' title='bbox 1085 3406 1183 3474; x_wconf 81' lang='grc' dir='ltr'><strong><em>άναρτ.</em></strong></span> 
     </span>
     <span class='ocr_line' id='line_1_31' title="bbox 173 3472 1183 3548; baseline -0.001 -16"><span class='ocrx_word' id='word_1_257' title='bbox 173 3478 220 3532; x_wconf 75' lang='grc' dir='ltr'><strong><em>ἐπί</em></strong></span> <span class='ocrx_word' id='word_1_258' title='bbox 237 3479 260 3544; x_wconf 82' lang='grc' dir='ltr'><strong><em>ξ.</em></strong></span> <span class='ocrx_word' id='word_1_259' title='bbox 281 3480 338 3533; x_wconf 89' lang='grc' dir='ltr'><strong><em>δεδ.</em></strong></span> <span class='ocrx_word' id='word_1_260' title='bbox 358 3478 407 3535; x_wconf 82' lang='grc' dir='ltr'><strong><em>τὸν</em></strong></span> <span class='ocrx_word' id='word_1_261' title='bbox 425 3488 529 3547; x_wconf 85' lang='grc' dir='ltr'><strong><em>κρῦσον</em></strong></span> <span class='ocrx_word' id='word_1_262' title='bbox 547 3479 596 3533; x_wconf 79' lang='grc' dir='ltr'><strong><em>καί</em></strong></span> <span class='ocrx_word' id='word_1_263' title='bbox 613 3483 661 3546; x_wconf 89' lang='grc' dir='ltr'><strong><em>θρ.</em></strong></span> <span class='ocrx_word' id='word_1_264' title='bbox 681 3483 719 3533; x_wconf 80' lang='grc' dir='ltr'><strong><em>τῶ</em></strong></span> <span class='ocrx_word' id='word_1_265' title='bbox 735 3495 789 3546; x_wconf 90' lang='grc' dir='ltr'><strong><em>στρ.</em></strong></span> <span class='ocrx_word' id='word_1_266' title='bbox 809 3479 869 3532; x_wconf 82' lang='grc' dir='ltr'><strong><em>αύτ.</em></strong></span> <span class='ocrx_word' id='word_1_267' title='bbox 890 3472 949 3532; x_wconf 80' lang='grc' dir='ltr'><strong><em>εἶτα</em></strong></span> <span class='ocrx_word' id='word_1_268' title='bbox 967 3477 1135 3548; x_wconf 71' lang='grc' dir='ltr'><strong><em>καταγαγὼν</em></strong></span> <span class='ocrx_word' id='word_1_269' title='bbox 1152 3477 1183 3531; x_wconf 91' lang='grc' dir='ltr'><strong><em>Ρ.</em></strong></span> 
     </span>
     <span class='ocr_line' id='line_1_32' title="bbox 72 3534 1185 3642; baseline -0.002 -39"><span class='ocrx_word' id='word_1_270' title='bbox 72 3612 74 3616; x_wconf 24' lang='grc' dir='ltr'>ι</span> <span class='ocrx_word' id='word_1_271' title='bbox 173 3581 207 3589; x_wconf 88' lang='lat'><em>-</em></span> <span class='ocrx_word' id='word_1_272' title='bbox 232 3555 265 3603; x_wconf 78' lang='lat'><strong><em>16</em></strong></span> <span class='ocrx_word' id='word_1_273' title='bbox 287 3553 355 3604; x_wconf 89' lang='grc' dir='ltr'><strong><em>θαν.</em></strong></span> <span class='ocrx_word' id='word_1_274' title='bbox 379 3550 539 3642; x_wconf 58' lang='grc' dir='ltr'><strong><em>παρέδωκε]</em></strong></span> <span class='ocrx_word' id='word_1_275' title='bbox 565 3534 726 3605; x_wconf 76' lang='grc' dir='ltr'><strong><em>ἐθανάτωάε</em></strong></span> <span class='ocrx_word' id='word_1_276' title='bbox 748 3549 778 3602; x_wconf 93' lang='lat' dir='ltr'><strong><em>P.</em></strong></span> <span class='ocrx_word' id='word_1_277' title='bbox 808 3580 842 3588; x_wconf 97' lang='lat'>—</span> <span class='ocrx_word' id='word_1_278' title='bbox 870 3554 903 3601; x_wconf 88' lang='grc'><strong><em>19</em></strong></span> <span class='ocrx_word' id='word_1_279' title='bbox 923 3547 1077 3620; x_wconf 82' lang='grc' dir='ltr'><strong><em>ζωροβάβελ</em></strong></span> <span class='ocrx_word' id='word_1_280' title='bbox 1095 3548 1125 3601; x_wconf 93' lang='lat' dir='ltr'><strong><em>P.</em></strong></span> <span class='ocrx_word' id='word_1_281' title='bbox 1149 3580 1185 3590; x_wconf 89' lang='lat'>-</span> 
     </span>
     <span class='ocr_line' id='line_1_33' title="bbox 172 3616 888 3692; baseline -0.006 -17"><span class='ocrx_word' id='word_1_282' title='bbox 172 3621 221 3675; x_wconf 85' lang='grc' dir='ltr'><strong><em>ιιαλ</em></strong></span> <span class='ocrx_word' id='word_1_283' title='bbox 239 3619 311 3676; x_wconf 77' lang='grc' dir='ltr'><strong><em>οὕτω</em></strong></span> <span class='ocrx_word' id='word_1_284' title='bbox 330 3619 348 3688; x_wconf 82' lang='grc' dir='ltr'><strong><em>ἠ</em></strong></span> <span class='ocrx_word' id='word_1_285' title='bbox 366 3641 388 3674; x_wconf 94' lang='grc' dir='ltr'><strong><em>τ.</em></strong></span> <span class='ocrx_word' id='word_1_286' title='bbox 404 3624 426 3675; x_wconf 87' lang='grc' dir='ltr'><strong><em>λ.</em></strong></span> <span class='ocrx_word' id='word_1_287' title='bbox 442 3623 581 3690; x_wconf 82' lang='grc' dir='ltr'><strong><em>κατελνθη</em></strong></span> <span class='ocrx_word' id='word_1_288' title='bbox 600 3621 656 3676; x_wconf 78' lang='grc' dir='ltr'><strong><em>ὑπὸ</em></strong></span> <span class='ocrx_word' id='word_1_289' title='bbox 674 3642 699 3675; x_wconf 90' lang='grc' dir='ltr'><strong><em>ιι.</em></strong></span> <span class='ocrx_word' id='word_1_290' title='bbox 711 3616 840 3692; x_wconf 82' lang='grc' dir='ltr'><strong><em>βασιλεία</em></strong></span> <span class='ocrx_word' id='word_1_291' title='bbox 859 3618 888 3672; x_wconf 94' lang='lat' dir='ltr'><strong><em>P.</em></strong></span> 
     </span>
    </p>
   </div>
   <div class='ocr_carea' id='block_1_10' title="bbox 0 0 1323 3909">
    <p class='ocr_par' dir='ltr' id='par_1_10' title="bbox 0 0 1323 3909">
     <span class='ocr_line' id='line_1_34' title="bbox 0 0 1323 3909; baseline 0 0"><span class='ocrx_word' id='word_1_292' title='bbox 0 0 1323 3909; x_wconf 95' lang='lat' dir='ltr'><strong><em> </em></strong></span> 
     </span>
    </p>
   </div>
  </div>
 </body>
</html>
