2617 3909
181 214 246 279 110
489 216 676 268 Γαοεσιοτ
693 216 876 268 Μοαωιοω
982 182 985 188 ’

178 363 230 426 τὸν
253 363 360 426 ἑαυτοῦ
382 363 451 426 υίδν
474 361 494 444 ἣ
517 362 634 443 οἰκέτην
657 361 817 448 ἀποστέλλῃ
840 362 891 424 ἐπί
911 386 978 425 τινα
995 364 1113 446 πρᾶξιν,
1135 385 1193 425 πα-

179 463 362 545 ρακελεύεται
384 461 488 543 λόγων·
512 459 553 536 ῶς
575 459 737 543 ἅνθρωπος
756 461 834 540 όίψαι
857 471 909 541 τῆς
927 461 1068 542 πράξεως,
1090 461 1142 523 καί
1159 461 1206 524 τὸ·

178 559 281 622 κοινόν
304 558 399 639 όνομοι
426 560 505 621 ἴδιον
531 566 658 622 ποιεῖται
685 565 805 640 θαῦμα,
833 559 941 639 οὕτως,
964 559 992 621 εί
1012 558 1062 620 καί
1085 559 1192 632 πάντες

178 655 336 738 ἅνθρωποι
362 655 510 738 λέγονται,
535 657 627 738 μόνος
649 656 772 736 άληθῶς
795 656 906 730 ἐκεῖνός
929 656 1007 719 ἔστιν
1029 646 1192 740 άνθρωπος
1301 713 1302 742 ÷

151 755 194 817 τό
217 755 272 834 την
295 754 396 816 εἰκόνα
418 756 520 830 σώζων
541 754 592 817 καί
614 753 647 816 τὸ
670 754 865 838 πρωτόιυπον
887 755 992 829 κάλλος
1017 755 1057 834 μὴ
1081 754 1193 833 άφανί-
1301 781 1302 808 ι

177 854 243 926 ζων.
279 846 362 915 είπεν
384 845 441 914 οόν
463 852 555 914 αὐτὸν
578 851 753 936 άνθρωπον,
776 853 826 918 ίνα
849 851 907 917 ἀπὸ
925 862 979 932 τῆς
998 853 1116 931 φύσεως
1133 854 1191 933 τὴν
1301 875 1302 894 ¹

176 950 322 1032 πρόθεσιν
340 949 507 1036 ἐπαινέσῃς,
524 946 587 1014 είπε
605 949 638 1012 δὲ
657 950 749 1012 αὐτὸν
766 949 824 1012 άπὸ
839 960 892 1030 τῆς
905 951 1066 1025 Αόσίτιδος
1084 952 1192 1032 χώρας,
1301 943 1302 948 ¹

177 1048 259 1122 ὅπως
285 1048 318 1110 ἐκ
344 1059 397 1129 τῆς
424 1049 562 1129 κομῶσης
588 1059 644 1131 γῆς
671 1049 726 1128 τὴν
749 1047 885 1130 ἀσέβειαν
908 1048 959 1111 τὸν
982 1047 1097 1131 καρπὸν
1119 1047 1191 1111 δινν-

177 1147 300 1231 μνήσης.
337 1143 373 1208 ὃν
391 1145 408 1208 δ
426 1142 585 1230 άρχόκοικος
607 1144 686 1228 δρῶν
704 1146 755 1208 καὶ
772 1148 883 1230 φθόνῳ
906 1147 1085 1227 βαλλόμενος
1102 1146 1204 1210 αίτεῖ-’

137 1266 225 1312 τοται
253 1244 333 1327 παρὰ
359 1254 413 1307 τοῦ
434 1251 516 1306 θεοῦ
543 1245 595 1307 τόν
622 1244 696 1307 κατὰ
723 1254 776 1306 τοῦ
800 1245 917 1306 δικαίου
941 1244 1117 1326 πειρασμόν,
1140 1245 1192 1308 ἵνα

178 1341 216 1404 σὺ
238 1343 353 1425 θάρσος
376 1344 469 1426 λάβης
490 1342 541 1404 καί
564 1342 677 1427 μάθης,
701 1343 745 1404 ότι
767 1341 823 1404 οὐκ
846 1342 903 1422 ἔχει
920 1343 1035 1422 δαίμων
1053 1341 1192 1415 ἐξουσίαν

175 1439 249 1502 κατὰ
275 1442 438 1520 θεοσεβοῦς
464 1439 515 1501 καί
544 1439 636 1514 όντως
659 1449 828 1522 χριστιανοῶ
850 1439 901 1502 καὶ
923 1438 1115 1520 φοβουμένου
1134 1440 1191 1502 τόν

175 1539 265 1619 θεόν,
287 1537 339 1599 ἐὰν
367 1538 408 1618 μη
436 1538 577 1618 ἐπιτροπὴ
605 1536 727 1600 άνωθεν
749 1535 868 1618 γίνηται
891 1535 911 1618 ἢ
935 1536 985 1598 διδι
1007 1539 1145 1599 παιδείαν
1168 1535 1190 1617 ἢ

175 1635 226 1696 διδι
253 1635 447 1717 συγχώρησιν.
493 1635 565 1696 ὅταν
591 1635 648 1716 γάρ
675 1635 770 1720 ἐπάγη
796 1633 813 1696 δ
828 1634 913 1710 ’θεὸς
936 1633 1190 1716 παιδευτηρια,δγ
1301 1643 1302 1646 ’

135 1754 161 1796 τε
176 1733 260 1805 δίκας
291 1731 412 1794 άπαιτεῖ
438 1742 497 1794 τῶν
526 1730 757 1814 ἁμαρτημάτων,
785 1731 806 1812 ἢ
833 1733 888 1812 την
916 1731 1022 1814 ἀρετὴν
1049 1733 1191 1814 γυμνάζει

174 1839 234 1891 τῶν
265 1831 359 1892 θείων
395 1831 642 1913 κατορθωμάτων.
689 1830 725 1892 οό
757 1830 813 1913 γδιρ
847 1829 992 1911 ἠδυνήθη
1025 1835 1189 1910 πολεμῆσαι

174 1934 213 2012 τῷ
230 1921 306 2009 Ἰάβ,
329 1927 385 2002 ἕως
407 1929 563 2010 ἐπετράπη.
608 1928 659 1990 καὶ
682 1929 722 2009 μὴ
746 1929 919 2013 θαυμάσῃς·
944 1927 1013 1990 οόδὲ
1036 1927 1091 2010 γὰρ
1114 1929 1189 1990 κατὰ

174 2027 282 2110 χοίρων
308 2026 445 2101 ἐξουσίαν
471 2027 542 2107 ἔχει,
569 2025 673 2101 καθὼς
699 2026 732 2088 όν
759 2033 820 2100 τοῖς
847 2027 1026 2108 εὐαγγελίοις
1047 2024 1188 2106 ἤκουσας.

174 2126 207 2185 οἱ
226 2122 280 2204 μὲν
302 2116 359 2186 σόν
380 2131 462 2186 θεῖοι
484 2123 601 2207 άγγελοι
623 2126 797 2188 διακονοῦσι
819 2131 882 2198 ταῖς
904 2134 964 2186 τῶν
986 2123 1112 2205 ἀγαθῶν
1134 2123 1195 2184 άν-.
1301 2143 1302 2154 ’

134 2245 161 2286 ευ
174 2223 490 2304 θράπωνσωτηρίαις
514 2218 648 2307 (πάντες,
676 2225 732 2305 γάρ
760 2241 868 2303 φησιν,
891 2221 1075 2305 λειτουργικὰ
1096 2223 1196 2288 πνεό·Ι

174 2322 250 2400 ματά
272 2321 346 2382 εἰσιν
368 2321 412 2396 είς
434 2322 589 2382 διακονίαν
611 2319 845 2400 ἀποστελλόμενα
868 2319 917 2381 διδι
939 2319 1010 2392 τοὺς
1030 2317 1187 2400 μέλλοντας

173 2423 368 2500 κληρονομεῖν
395 2412 568 2502 σωτηρίαν),
596 2419 628 2480 οί
647 2417 680 2480 δὲ
707 2417 834 2500 πονηροί
861 2418 999 2497 δαίμονες
1026 2423 1089 2491 ταῖς
1112 2416 1187 2477 κατά

172 2525 232 2576 τῶν
254 2514 435 2598 ἁμαρτωλῶν
457 2518 617 2599 τιμωρίαις.
653 2515 840 2596 ἐξαπέστειλε,
863 2516 919 2597 γάρ
937 2533 1042 2596 φησιν,
1064 2515 1106 2589 είς
1129 2514 1185 2576 αό-

172 2611 243 2684 τοδς
274 2610 366 2694 ὀργὴν
398 2619 502 2692 θυμοῦ
533 2613 641 2695 αὐτοῦ,
670 2613 773 2694 θυμόν
799 2611 849 2673 καὶ
877 2610 969 2694 όργην
996 2611 1046 2674 καί
1074 2614 1185 2691 θλίψιν

133 2731 159 2772 ετ
172 2706 340 2790 ἀποστολὴν
368 2705 408 2771 δι’
438 2709 569 2792 άγγόλων
596 2721 746 2794 πονηρῶν.
792 2712 824 2772 οί
848 2711 951 2772 τοίνυν
979 2711 1131 2790 δαίμονες,
1158 2711 1186 2772 εί

171 2806 222 2868 καί
254 2807 427 2890 ἀφηνίασαν
453 2818 489 2894 τῇ
517 2807 671 2891 προθέσει,
699 2802 761 2868 ἀλλ’
791 2807 850 2870 ὑπὸ
878 2808 967 2890 ζυγὸν
993 2814 1105 2870 κεῖνται
1131 2818 1186 2888 τῆς

243 3003 330 3051 9-18
348 2997 567 3066 Pseudo-oms.
581 2998 612 3050 in
624 2995 679 3050 Job
694 3013 774 3052 serm.
789 2997 836 3064 111,
852 3002 866 3050 1
885 2997 982 3067 Migne
1000 3003 1050 3051 571
1066 2997 1133 3052 ωειλ.
1149 3029 1183 3038 -

172 3074 267 3138 ιιι-μ.
280 3075 364 3136 112,3
374 3071 410 3125 ιο.
421 3074 472 3123 σιν
482 3070 543 3124 λιιι.
554 3101 587 3109 -
599 3073 632 3122 20
642 3067 726 3122 Hebr.
739 3075 763 3136 1,
773 3075 813 3123 14.
823 3101 856 3108 -
868 3074 901 3122 23
911 3069 1012 3123 Psalm.
1023 3075 1056 3122 τι
1067 3071 1183 3138 (τηου.

243 3243 257 3291 1
278 3235 423 3308 ἢοίιιέτην
441 3255 491 3294 om.
508 3237 536 3291 N
558 3234 576 3305 ἢ
595 3254 645 3293 om.
662 3236 693 3292 G.
714 3268 747 3277 -—
766 3235 918 3307 ἀποστέλλη
933 3237 1011 3292 ABR
1026 3237 1087 3293 Chr.
1112 3237 1182 3290 ἀπο-

171 3307 272 3363 στέλλει
283 3309 328 3362 FP
342 3306 473 3363 άποστείλ
501 3307 551 3362 GV
565 3308 701 3377 άποστελῆ
713 3306 762 3362 OD
777 3308 998 3366 άποστελεῑΗΜ.
1010 3339 1043 3350 -
1059 3315 1074 3362 2
1089 3305 1193 3363 καίτοι-

169 3379 201 3433 τὸ
219 3379 276 3433 BV.
296 3411 329 3420 -
347 3386 365 3433 4
384 3380 458 3434 ἐστὶν
473 3329 630 3448 δνθρωπος
648 3379 664 3433 ὁ
683 3379 728 3433 LP
739 3379 800 3434 Chr.
824 3380 978 3448 ἄνθρωπος
998 3397 1048 3434 σοι.
1068 3379 1126 3432 τελλ.
1147 3411 1180 3418 -

170 3455 186 3503 8
204 3450 254 3504 τὸν
272 3451 382 3518 καρπὸν
400 3451 489 3519 αὐτῆς
501 3450 535 3504 Ν.
556 3483 589 3490 -
609 3457 625 3504 9
644 3451 718 3506 αἰτεῖ
729 3450 837 3506 ABFG.
853 3483 887 3492 —
907 3456 940 3505 10
954 3450 1032 3519 παρά
1045 3459 1095 3504 τοῦ
1109 3453 1182 3504 θεοῦ

168 3519 217 3573 PR
236 3520 330 3588 Chrys.
353 3529 403 3575 τοῦ
422 3538 473 3578 om.
491 3521 550 3576 rell.
573 3554 607 3562 —
631 3528 664 3576 12
690 3521 770 3585 ὄντος
787 3521 956 3577 AOGLPW.
977 3553 1011 3562 -
1031 3526 1065 3575 14
1084 3519 1184 3592 ἐπάγει
1292 3561 1297 3579 .

168 3590 285 3645 AFHM.
305 3623 338 3631 -
356 3591 392 3645 τδι
410 3591 595 3660 παιδευτήρια
612 3593 699 3649 ABG.
719 3625 752 3634 —
773 3597 804 3647 1⁷
823 3593 872 3648 τὸν
892 3592 943 3664 ίόιβ
961 3591 1058 3662 (ΚΞΝ.ι
