2617 3909
167 205 211 268 60
476 207 663 259 ΓΕΩΡΓΙΟΤ
680 208 862 260 ΜΟΝΑΧΟΤ

166 355 260 434 κτήνη
292 354 342 416 καί
373 353 476 436 ἕρπετδι
507 355 626 436 χερσαῖά
652 378 682 417 τε
713 353 763 416 καὶ
795 355 904 436 ἐνυδρα
935 355 990 435 τήν
1021 365 1075 417 τοῦ
1105 362 1183 418 θεοῦ

167 453 368 535 προσηγορίαν
398 451 576 534 μετήγαγον,
604 451 677 514 ἀλλὰ
703 452 754 515 καί
782 454 824 528 είς
850 452 886 514 τὰ
913 449 984 533 μηδ’
1011 454 1086 528 ὅλως
1110 453 1184 516 ὄντα

166 549 187 631 ή
206 552 375 629 φαινόμενα
396 551 452 631 τήν
470 550 564 631 αὐτὴν
582 550 757 632 δυσσέβειαν
775 551 969 626 ἐξοκείλαντες
988 551 1181 626 ἐπεδείξαντο.

167 648 269 731 λογικὰ
291 647 347 730 γὰρ
369 647 487 730 ἀλόγοις
509 648 693 729 ἐπιμίξαντες
714 648 765 711 καί
787 648 914 728 ἀνόμοια
936 659 972 735 τῇ
994 651 1083 729 φύσει
1106 650 1182 713 ἐνεί-

141 767 270 827 εραντες
296 744 338 819 ὡς
364 747 456 820 θεούς
478 747 636 827 ἐδόξασαν,
666 741 726 809 οἷοί
750 747 826 809 εἰσιν
854 749 885 809 οἱ
908 742 979 829 παρ’
1006 749 1187 830 Αἰγυπτίοις

167 843 366 923 κυνοκέφαλοι
392 843 442 906 καί
469 843 666 924 όφιοκέφαλοι
696 844 747 906 καί
774 844 952 924 όνοκὲφαλοι
978 844 1028 907 καί
1055 845 1072 908 6
1101 846 1187 926 παρὰ

168 944 283 1023 Λίβυσι
302 942 497 1025 κριοκέφαλος
518 943 568 1005 καί
586 942 668 1026 παρὰ
685 949 746 1018 τοῖς
764 943 875 1022 μύθοις
897 943 934 1004 τὰ
950 944 1091 1025 λεγόμενα
1109 945 1184 1004 πλό·

168 1058 277 1122 σματα,
307 1038 326 1121 ἡ
355 1042 474 1102 Σκύλλα
505 1040 556 1102 καί
585 1039 605 1120 ή
634 1042 789 1124 Χάρυβδις
815 1040 865 1103 καί
892 1034 1183 1121 δἹπποκένταυρος.

168 1138 360 1212 ἐπιτείνοντες
387 1137 420 1201 δὲ
445 1121 501 1220 τήν
527 1138 664 1220 ἀσέβειαν
691 1139 742 1201 καί
768 1139 823 1219 τήν
850 1137 966 1220 ήδονήν
988 1162 1018 1200 τε
1044 1138 1095 1200 καὶ
1119 1139 1185 1201 ἐπι-

129 1258 155 1298 το
168 1240 285 1318 θυμίαν
311 1236 558 1318 θεοποιήσαντες,
589 1235 629 1316 ήν
662 1237 699 1317 δή
727 1236 777 1298 καί
801 1231 982 1318 Ἀφροδίτην
1009 1235 1185 1312 καλέσαντες

168 1337 402 1419 προσεκύνησαν.
447 1336 498 1398 καί
521 1335 620 1416 μέντοι
646 1335 697 1397 καί
724 1335 794 1408 τοὺς
820 1329 889 1417 παρ’
915 1335 1015 1397 αὐτῶν
1040 1333 1187 1418 ύρχοντας

169 1434 219 1496 διὰ
245 1433 334 1514 τιμὴν
361 1444 421 1495 τῶν
445 1433 598 1516 ἀρξόντων
624 1431 644 1514 ή
672 1433 723 1495 διδι
748 1433 846 1514 φόβον
873 1443 927 1514 τῆς
949 1433 1047 1494 αὐτῶν
1075 1457 1184 1515 τυραν-

169 1532 252 1605 νίδος
274 1529 315 1603 ὡς
332 1531 425 1604 θεούς
442 1531 593 1611 ἐτίμησαν,
616 1531 713 1612 ὥσπερ
734 1529 750 1592 6
768 1531 801 1593 ἐν
818 1531 923 1616 Κρήτη
942 1531 1018 1605 Ζεύς
1036 1532 1187 1610 τετίμηται

169 1627 219 1689 καί
242 1625 258 1689 6
277 1627 309 1688 ἐν
324 1622 464 1713 Ἀρκαδίρι
478 1622 590 1709 Ἑρμῆς
612 1628 663 1690 καί
681 1627 697 1690 6
715 1629 749 1691 ἐν
764 1625 855 1714 Ἰνδίᾳ
873 1629 1021 1702 Διόνυσος
1042 1628 1093 1690 καί
1116 1628 1132 1692 6
1152 1629 1186 1692 ἐν
1305 1703 1306 1720 ρ

131 1746 157 1787 ισ
170 1725 313 1812 Αἰγύπτῳ
324 1724 398 1798 Ἴσις
415 1725 465 1786 καί
475 1725 591 1806 ’Όσιρις
612 1724 663 1787 καί
684 1723 700 1786 6
718 1735 776 1788 νύν
791 1721 949 1808 Ἀδριανοῦ
966 1737 1019 1788 τοῦ
1034 1721 1188 1806 Ῥωμαίων

170 1821 312 1904 βασιλέοος
330 1829 401 1897 παῖς
412 1819 568 1897 Ἀντίνοος.
600 1819 787 1903 ἐπιδημήσας
804 1823 859 1906 γὰρ
871 1819 1025 1908 Ἀδριανδς
1042 1824 1074 1886 ἐν
1089 1825 1185 1906 Αίγύ-

170 1944 232 2008 πτρο
254 1920 305 1982 καί
321 1921 532 2000 τελευτήσαντα
551 1920 625 1983 ίδδιν
647 1920 699 1983 τὸν
717 1931 770 2002 τῆς
787 1919 900 2004 ήδονῆς
923 1921 1015 1984 αύτοῦ
1034 1921 1189 2006 ὑπηρέτην

170 2020 320 2083 Ἀντίνοον
348 2018 477 2082 ἐκέλευσε
504 2019 728 2102 θρησκεύεσθαι
751 2030 871 2101 τοῦτον,
899 2021 948 2090 ἅτε
976 2020 1013 2100 δή
1041 2019 1091 2082 καί
1114 2020 1190 2100 μετὰ

171 2119 305 2180 θάνατον
331 2117 409 2199 ἐρῶν
434 2127 488 2179 τοῦ
511 2117 618 2191 παιδὸς
645 2113 686 2179 δι’
711 2116 955 2200 ὑπερβάλλουσαν
982 2117 1134 2200 ἀσέλγειαν
1156 2141 1188 2180 τε

131 2238 158 2279 το
171 2216 221 2279 καί
248 2217 464 2297 οἱστρηλασίαν.
509 2214 559 2277 καί
585 2215 641 2298 γδιρ
670 2216 701 2277 οί
720 2212 791 2297 παρ’
808 2211 931 2296 Ἕλλησι
959 2214 1191 2297 διαβεβοημένοι

171 2315 250 2394 θεοί,
271 2315 348 2388 Ζεύς
365 2337 395 2376 τε
413 2312 464 2374 καὶ
482 2315 638 2376 Ποσειδῶν
656 2313 706 2376 καί
722 2310 871 2376 Ἀπόλλων
889 2313 939 2376 καὶ
949 2309 1116 2392 Ἥφαιστος
1136 2313 1191 2375 καλ

166 2407 279 2493 Ἑρμῆς
304 2410 354 2472 καί
377 2411 409 2473 ἐν
431 2412 568 2491 θηλείαις
582 2407 663 2493 Ἥρα
689 2411 739 2474 καί
761 2412 906 2493 Δήμητρα
927 2410 978 2474 καί
998 2407 1114 2490 Ἀθηνᾶ
1136 2411 1192 2472 καὶ

164 2508 300 2591 ’Ἄρτεμις
322 2510 475 2590 διαταγαῖς
497 2509 662 2591 ἐκρίθησαν
683 2516 899 2572 θεοποιεῖσθαι.
944 2509 992 2572 διὸ
1018 2509 1055 2590 δή
1079 2509 1193 2582 ταύτας

172 2605 222 2668 καί
244 2605 296 2679 τὰς
313 2607 449 2679 τοιαύτας
466 2607 679 2686 είδοτλομανίας
701 2607 751 2669 καί
771 2606 936 2689 ἐφευρέσεις
958 2605 978 2688 ἡ
996 2608 1066 2669 θεία
1083 2607 1192 2688 γραφή

246 2809 323 2858 τ-ε
345 2804 448 2858 Athan.
467 2805 503 2860 ο.
523 2809 557 2858 τι
580 2804 677 2873 Migne
700 2805 778 2860 4413.
808 2835 841 2845 -
871 2810 967 2859 9-20
994 2805 1029 2860 ιο.
1050 2809 1065 2858 ο
1090 2789 1194 2874 Mi‘gne.

173 2875 444 3016 ρρὶἓρθ-ῃεΒρ-ιε
462 2875 499 2929 ιο.
515 2880 548 2929 10
572 2875 669 2945 Migne
691 2876 766 2930 2113.
792 2907 825 2916 -
849 2881 954 2946 εε-ρ.
975 2882 1023 2948 σε,
1039 2881 1071 2929 τι
1096 2877 1131 2931 ιτ.
1154 2882 1190 2930 11

246 3087 309 3144 502
327 3086 390 3142 υίΡ
413 3086 442 3141 οἳ
460 3086 545 3141 OGM
568 3083 629 3142 οἷον
643 3086 674 3140 Β.
691 3119 724 3128 -
744 3093 760 3142 6
778 3089 827 3143 καί
846 3087 1032 3158 δφιοκέφαλοι
1051 3105 1101 3143 ονε.
1117 3087 1190 3141 ΗΜ,

174 3192 209 3202 -
227 3161 276 3214 καί
295 3156 463 3228 όνοκέφαλοι
482 3175 532 3214 ουτ.
551 3157 667 3213 AFHM.
694 3191 723 3198 —
750 3164 783 3213 19
801 3179 830 3214 τε
849 3177 899 3215 om.
919 3159 1006 3214 BDF.
1032 3191 1065 3200 -
1089 3165 1123 3212 20
1143 3161 1189 3230 βε-

175 3229 630 3371 βρηρὲνρριβήλζρῑέὲέρρσειδὼν
644 3229 732 3285 BDP.
747 3262 782 3270 —
795 3230 930 3302 ήφεσταις
943 3231 1003 3301 (ήφ,
1014 3229 1079 3301 ΟΜ)
1094 3228 1190 3285 cDM.

247 3448 262 3497 ⁷
281 3444 330 3498 καί
343 3443 378 3498 τδι
391 3443 469 3512 παρὰ
486 3452 546 3506 τοῖς
563 3444 667 3512 μύθοις
680 3444 826 3515 πλάσματα
839 3445 936 3499 PAth.
956 3476 989 3485 -
1009 3451 1044 3499 14
1062 3444 1110 3498 καί
1125 3450 1193 3512 post

175 3513 306 3577 διόνυσος
323 3533 374 3569 om.
393 3515 423 3569 P.
443 3547 477 3557 -
498 3521 530 3569 1'1
550 3516 619 3571 ἰδὼν
636 3532 688 3570 om.
704 3516 800 3570 PAth.
820 3547 853 3556 -
873 3522 906 3571 21
925 3535 954 3571 τε
972 3532 1023 3571 ουτ.
1037 3515 1135 3569 PAth.
1152 3546 1190 3555 -—

177 3592 212 3640 24
230 3586 278 3640 καί
296 3593 360 3640 ante
379 3585 536 3655 ἐφευρέσεις
554 3604 604 3641 om.
619 3586 716 3641 PAth.
