2617 3909
172 229 239 295 230
486 229 673 280 ΓΕιιΡΓιοε
690 228 873 280 Μοκικοε

172 395 307 452 σκοντος·
332 378 387 441 οὐκ
409 377 486 439 ἐστιν
508 374 523 438 6
542 375 728 458 ἀναγγέλλων
750 375 786 436 τά
804 374 981 456 ἐπερχόμενα
1004 374 1083 454 πλήν
1105 373 1189 453 ἐμοῦ.

172 477 223 539 καί
252 487 337 538 τοῦτο
372 477 471 555 δηλῶν
503 474 519 537 6
546 473 723 556 ἀρχάγγελος
749 473 821 552 ἐφη·
854 474 937 556 κάριε
968 473 1190 554 παντοκράτωρ,

172 575 228 649 ἕως
254 576 335 647 τίνος
362 573 398 635 οὐ
422 573 462 652 μή
490 571 611 656 ἐλεήσης
638 572 693 652 τήν
717 565 908 654 Ἰερουσαλήμ
933 571 984 633 καί
1009 570 1062 644 τάς
1089 570 1190 643 πόλεις

169 668 280 752 Ἰοόόα,
302 670 338 744 ἀς
360 671 524 752 ὑπερείδεςς
548 668 588 744 ὡς
611 669 729 751 ἀγνοῶν
754 669 912 747 δήπουθεν
938 679 991 749 τής
1018 669 1190 750 ἐλευθερίας

146 769 225 833 στὸν
248 770 354 851 χρόνον
377 769 486 848 ἔφασκε
508 778 608 829 ταῦτα.
654 767 705 829 καί
726 765 850 840 ἀλλοίως
873 766 930 829 οόκ
952 767 1038 829 ἐστιν.
1075 765 1128 827 καί
1151 767 1189 845 δή

174 867 224 929 καί
246 866 312 950 περί
335 877 387 946 τῆς
409 867 530 947 ἐσχάτης
553 863 665 948 ἡμέρας
686 864 736 927 καί
760 866 925 938 συντελείας
947 865 1077 948 ἐναργῶς
1095 864 1190 944 ὑπεμ-

174 966 292 1044 φαίυων
316 963 332 1027 6
355 965 457 1045 κύριος
479 965 534 1044 τήν
556 965 669 1025 τούτων
692 962 816 1045 ἀγνοιαν
834 963 942 1044 ἔλεγεν
962 961 1032 1025 ου’όὲ
1051 964 1084 1024 οί
1103 961 1190 1045 ἀγγε-

174 1069 220 1126 λοι
242 1064 447 1145 γινώσκουσιν.
486 1061 650 1124 κάντεῦθεν
674 1060 778 1123 λοιπόν
801 1059 871 1123 οάόέ
894 1060 926 1123 τὸ
950 1061 1112 1143 μυστήριον
1137 1071 1189 1141 τῆς

173 1161 318 1243 ἐνσάρκου
350 1162 436 1233 θείας
463 1161 634 1239 οἰκονομίας
660 1157 770 1245 ήδεσαν
789 1159 832 1220 ’τό
864 1157 1128 1240 ἀποκεκρυμμένον
1157 1158 1190 1221 ἐν

134 1282 161 1323 ιο
174 1262 213 1344 τῷ
233 1265 295 1344 θεῷ
315 1259 407 1344 μόνῳ,
430 1257 462 1319 ἐν
485 1245 508 1343 ᾧ
528 1259 560 1318 σί
580 1255 731 1341 θησαυροί
757 1266 810 1336 τῆς
833 1257 941 1335 σοφίας
963 1255 1013 1317 καί
1036 1265 1089 1335 τής
1111 1256 1190 1337 γνά

175 1375 248 1432 σεως
270 1356 450 1438 ἀπόκρυφοι.
494 1357 539 1429 τίς
561 1354 616 1437 γάρ
639 1355 715 1436 ἐγνω
737 1364 812 1416 νοῦν
834 1356 951 1436 κυρίου,
975 1356 1080 1435 φησίν,
1102 1352 1123 1434 ή
1147 1356 1191 1428 τίς

176 1455 344 1535 σύμβουλος
381 1454 473 1515 αὐτοῦ
505 1452 631 1535 ἐγίνετο;
669 1451 739 1532 μετὰ
771 1452 804 1514 δέ
834 1476 866 1534 γε
898 1463 950 1533 της
981 1452 1192 1533 σωτηριάόους

175 1551 430 1632 ἐνανθρωπήσεως
453 1550 622 1631 ἐγνωρίσθη
649 1549 724 1611 κατὰ
750 1549 802 1612 τὸν
824 1550 916 1612 αὐτὸν
938 1549 1104 1612 ἀπόστολον
1126 1557 1192 1624 ταῖς

175 1648 277 1729 ἀργαῖς
300 1646 349 1708 καί
372 1653 436 1720 ταῖς
458 1646 605 1721 ἐξουσίαις
628 1649 678 1711 διὰ
696 1659 748 1728 τής
766 1649 921 1727 ἐκκλησίας
939 1646 958 1727 ή
977 1650 1191 1722 πολυποίκιλος

134 1768 161 1809 ιτ
175 1755 228 1807 τοῦ
251 1751 326 1806 θεοῦ
349 1745 449 1823 σοφία.
489 1744 586 1840 μόνος
608 1746 664 1828 γάρ
687 1746 747 1808 ἐστι
770 1747 858 1823 φύσει
881 1745 975 1825 σοφὸς
996 1746 1047 1808 καί
1068 1747 1191 1827 προφή-
1289 1806 1290 1809 ,

174 1868 229 1923 της
260 1842 314 1905 καί
341 1841 533 1925 προγνάστης
565 1842 626 1922 όίμα
657 1843 707 1905 καί
738 1843 790 1906 τὸν
820 1853 895 1906 νοῦν
926 1853 985 1906 τῶν
1016 1843 1191 1925 ἀνθρώπων

175 1941 305 2025 ἀκριβῶς
333 1941 524 2020 ἐπιστάμενος
551 1939 592 2014 ὡς
618 1943 864 2024 καρδιογνώστης.
909 1941 944 2003 τὰ
967 1940 999 2004 δέ
1021 1942 1115 2004 αὐτοῦ
1140 1942 1192 2005 υό-

177 2040 238 2116 ὃείς
265 2041 355 2122 ἔγνω,
383 2039 411 2101 εἰ
437 2038 478 2118 μή
505 2037 537 2100 τὸ
560 2050 678 2120 πνεῦμα
700 2041 801 2103 αὐτοῦ.
848 2039 894 2101 διό
917 2058 1012 2120 φησιν
1037 2039 1053 2102 6
1076 2043 1190 2102 Δαυίό·

175 2139 212 2201 σὺ
236 2149 368 2220 συνῆκας
391 2137 460 2210 τοὺς
486 2138 694 2220 διαλογισμούς
722 2161 779 2216 μου
806 2136 865 2200 ἀπὸ
889 2136 1048 2218 μακρόθεν.
1095 2160 1191 2219 παρα-

134 2259 162 2299 εο
175 2238 277 2317 κόψας
298 2247 373 2320 γοῦν
396 2235 493 2318 ὥσπερ
516 2233 533 2296 6
555 2236 607 2298 τὸν
629 2234 758 2317 Χριστὸν
781 2234 855 2314 ἔχων
877 2234 910 2296 ἐν
932 2233 1025 2318 ἐαυτῷ
1044 2239 1191 2296 λαλοῦντα

175 2339 298 2408 Παῦλος
329 2335 372 2407 είς
403 2334 435 2396 τὸ
467 2332 674 2412 ἀκατάληπτόν
705 2355 734 2394 τε
763 2331 814 2393 καί
845 2329 950 2412 ἀχανὲς
979 2330 1105 2413 πέλαγος
1132 2343 1191 2393 τῶν

248 2510 1191 2581 1Jes.44,6;7.-2Zaoh.1‚12.-7Matth.24‚36.-

175 2583 409 2709 ἷΕλέίελῐι
428 2583 533 2709 {⁰1⁰⁰}
549 2584 913 2723 {28666166656
930 2614 963 2622 “
980 2588 1013 2636 ¹³
1027 2581 1099 2651 Eph‘
1111 2589 1136 2650 ³‘
1148 2588 1188 2636 1⁰·

298 2698 302 2708 .
373 2697 418 2722 .,
471 2698 476 2708 .
700 2698 705 2708 .
863 2696 909 2720 ,.

249 2810 263 2858 1
283 2804 443 2875 ἀναγγέλων
462 2804 566 2860 FPRV.
582 2837 615 2845 —
635 2812 651 2859 2
671 2803 865 2872 παντοκράτωρ
879 2802 1009 2859 DFGLV
1031 2805 1191 2873 σοεκμεκάίο

173 2893 224 2932 εστ.
239 2877 271 2929 in
284 2876 344 2930 BR.
361 2908 395 2916 -
410 2880 425 2928 3
441 2874 559 2943 ἐλεήσειε
572 2875 756 2930 BCFGLPV.
772 2908 805 2916 —
826 2882 841 2929 6
856 2876 905 2930 καί
918 2883 982 2931 ante
995 2876 1059 2944 περί
1073 2894 1125 2931 σοι.
1140 2877 1192 2930 AR

173 2947 301 3010 καὶπερὶ
316 2965 365 3001 ονε.
381 2945 409 3000 0.
425 2977 458 2986 -
479 2950 494 2998 9
513 2943 598 3010 θείας
612 2946 749 3015 ἐνσάρκσυ
763 2948 785 3001 L
802 2943 888 3010 θείας
901 2964 951 3002 om.
966 2947 997 3002 B.
1013 2979 1047 2988 —
1068 2953 1100 3001 11
1120 2957 1191 3003 νοῦν

175 3015 403 3143 νιειλιλ
420 3024 672 3144 σκιάν
683 3016 868 3144 ἔνεικε
885 3018 922 3143 λ
936 3034 991 3144 κ
1001 3018 1191 3145 Εἰσὶν

173 3107 321 3228 ἀήόφήτης
341 3159 391 3212 καί
403 3130 587 3228 ’πρόγνόστης
600 3111 688 3213 ΗλόΡ
711 3163 760 3215 καί
772 3132 956 3231 ’πρόγνάστης
977 3133 1026 3215 καί
1043 3161 1192 3230 προφήτης

174 3230 308 3285 AODRV
335 3230 384 3283 καί
401 3232 581 3300 προγνόστης
598 3248 648 3286 om.
663 3231 778 3286 Bcoisl.
794 3238 828 3286 28
852 3233 900 3286 καί
922 3231 1069 3302 προφήτης
1090 3250 1142 3288 om.
1159 3233 1191 3286 F.
1287 3262 1288 3283 ι

175 3333 210 3342 -
229 3307 263 3354 20
283 3297 334 3354 οὖν
352 3299 415 3353 HR.
436 3331 470 3341 ·—
489 3308 522 3355 21
542 3302 747 3358 άκατάλειπτον
764 3303 819 3357 AP.

249 3463 263 3509 7
284 3457 390 3510 τούτων
413 3458 477 3525 περί
499 3468 556 3514 τῶν
579 3460 717 3531 ἐσομένων
740 3462 860 3532 ἄγνοιαν
882 3461 912 3515 P.
937 3493 971 3502 —
1001 3468 1033 3516 14
1056 3461 1106 3516 διὰ
1129 3471 1192 3525 ταῖς

174 3524 333 3594 ἐκκλησίαις
346 3525 376 3580 Ρ.
393 3558 426 3566 -
446 3533 479 3581 19
499 3531 565 3584 Post
578 3530 760 3599 μακρόθενΡ
779 3532 858 3586 αόά..·
876 3533 925 3586 καί
944 3534 977 3587 σὺ
992 3532 1078 3602 ἔγνως
1095 3532 1192 3588 πάντα

173 3595 211 3648 τά
227 3597 328 3665 ἐσχατα
346 3598 395 3650 καί
408 3597 443 3652 τά
460 3599 563 3669 ἀρχαία
578 3600 690 3670 (Ρεελω.
706 3607 757 3656 138
772 3603 857 3674 [139],
872 3606 907 3672 4).
922 3636 957 3644 ·—
976 3609 1010 3658 20
1028 3604 1058 3659 ἐν
1072 3605 1149 3680 αὐτῷ
1159 3605 1190 3659 Ρ.
