2617 3909
539 285 728 337 XPONIKON
1081 287 1157 350 1792

126 432 310 511 ἐπισκέψεως
331 441 385 494 τού
408 436 482 493 λαοῦ
505 437 544 515 τῷ
565 433 671 494 Δαυίδ.
708 431 758 494 καλ
781 425 820 512 ήν
843 443 902 507 πᾶς
921 427 1037 515 Ἰσραήλ
1056 435 1149 516 χίλιαι

125 531 254 613 χιλιάδες
276 528 327 592 ιιαλ
349 526 380 612 ρ’
402 530 530 610 χιλιάδες
552 528 672 611 ἀνδρῶν
694 528 886 610 ἐσπασμένων
909 531 1072 612 ῥομφαίαν,
1095 533 1148 594 καλ

121 624 239 701 Ἰούδας
261 628 388 709 χιλιάδες
411 625 467 689 υπ’
490 626 609 709 ἀνδρῶν
632 626 824 707 ἐσπασμένων
848 629 1002 712 μάχαιραν.
1041 628 1094 691 τὸν
1112 629 1147 693 δέ

124 727 209 789 Λευῒ
227 724 277 787 καλ
299 726 352 788 τὸν
374 724 518 805 Βενιαμὶν
541 725 597 787 ούιι
618 724 803 806 η’ρύθμησεν,
832 725 876 788 δτι
899 727 1104 809 προσώχθισεν
1128 727 1144 790 6

124 826 213 906 λόγος
235 832 288 885 τού
306 821 450 904 βασιλέως
467 822 520 885 τὸν
535 817 629 903 Ἰωάβ.
667 822 717 884 καλ
737 822 873 905 πονηρὸν
891 823 989 903 ἐφάνη
1008 824 1144 888 ἐναντίον
1172 845 1197 886 σ-

124 931 179 984 τού
207 927 282 983 θεοῦ
305 930 400 982 τοῦτο.
445 919 495 982 καὶ
518 919 640 995 ἐπάταξε
668 921 776 1002 καρδία
803 921 903 984 Δαυλδ
930 922 1021 984 αὐτὸν
1048 923 1081 985 ἐν
1107 931 1147 1008 τῷ

124 1019 294 1101 ἀριθμήσαι
320 1018 373 1081 τὸν
399 1018 480 1081 λαόν.
527 1017 576 1080 καὶ
603 1017 751 1079 ἀπέστειλε
778 1019 881 1099 κύριος
903 1019 969 1080 Γδιδ
995 1020 1046 1082 τὸν
1071 1042 1145 1102 προ-

124 1117 227 1197 φήτην
258 1115 333 1197 πρὸς
360 1115 460 1177 Δαυλδ
491 1116 541 1177 καλ
570 1109 665 1177 εἶπεν·
692 1116 761 1177 τάδε
788 1114 863 1197 λέγει
889 1117 1003 1199 κύριος·
1032 1111 1144 1190 έκλεξαι

124 1221 237 1299 σεαυτῷ
252 1212 392 1296 γενέσθαι
410 1231 467 1294 σοι,
486 1211 506 1294 ή
525 1214 591 1293 τρία
609 1212 659 1292 ἐτη
677 1212 764 1292 λιμδν
780 1213 812 1274 έν
826 1223 861 1298 τή
876 1223 914 1298 γῇ
934 1232 998 1294 σου,
1012 1213 1032 1294 ή
1048 1224 1144 1293 μῆνας

123 1317 203 1394 τρεῖς
226 1311 348 1392 φεύγειν
372 1328 403 1373 σε
427 1311 597 1393 ἔμπροσθεν
619 1319 679 1371 τῶν
702 1310 819 1392 ἐχθρῶν
842 1328 907 1392 σου,
930 1309 951 1392 ή
974 1317 1050 1394 τρεῖς
1071 1309 1143 1392 ήμέ-
1157 1332 1190 1372 ια

123 1434 180 1493 ρας
208 1409 343 1470 θάνατον
370 1407 404 1470 ἐν
431 1417 467 1494 τῇ
495 1416 534 1494 γῇ
562 1425 626 1469 σου.
672 1407 722 1470 καλ
750 1403 812 1470 εἶπε
839 1408 939 1471 Δαυλδ
964 1409 1039 1491 πρὸς
1066 1410 1142 1471 Γάδ·

124 1507 214 1569 στενά
237 1529 287 1585 μοι
309 1507 461 1568 πάντοθεν
484 1505 602 1588 σφόδρα
625 1504 684 1567 ἐστλ
707 1505 757 1568 καλ
778 1506 815 1567 τδι
836 1507 909 1589 τρία.
955 1506 1033 1585 πλὴν
1056 1506 1145 1586 ἐμπε-

123 1613 236 1684 σοῦμαι
259 1603 296 1684 δή
320 1604 363 1679 εἰς
385 1610 482 1686 χεῖρας
504 1605 621 1688 κυρίου,
645 1603 690 1665 ὅτι
708 1604 811 1665 πολλοὶ
829 1604 861 1665 ολ
877 1603 1021 1685 οἰκτιρμολ
1040 1603 1147 1684 αὐτοῦ,

123 1703 168 1777 εἰς
200 1700 232 1763 δέ
268 1708 365 1783 χεῖρας
401 1700 574 1784 ἀνθρώπων
605 1700 642 1762 ού
675 1700 715 1780 μή
748 1699 871 1781 ἐμπέσω.
916 1700 969 1763 ιταλ-
997 1700 1146 1774 ἐξελέξατο

123 1799 227 1863 Δαυλδ
248 1799 299 1861 τδν
322 1800 464 1860 θάνατον.
509 1798 560 1860 καλ
581 1795 688 1878 ἡμέραι
710 1797 821 1881 θέρους
843 1808 958 1882 πυρῶν,
980 1797 1030 1861 καὶ
1052 1799 1143 1861 έδωιιε
1157 1819 1186 1861 ιε

122 1899 227 1979 ινύριος
245 1897 381 1958 θάνατον
394 1895 426 1958 ἐν
437 1890 551 1978 Ἰσραήλ
568 1894 627 1957 διπδ
641 1899 777 1977 πρωΐθεν
795 1895 850 1970 ἕως
863 1895 994 1978 ἀρίστου,
1008 1895 1057 1958 καλ
1071 1895 1142 1958 άπέ-

121 2003 224 2058 θανον
255 1994 288 2056 ἐκ
314 2004 368 2055 τοῦ
395 1999 469 2055 λαοῦ
496 1994 622 2074 χιλιάδες
650 1991 689 2054 0'.
735 1993 785 2055 καλ
811 1991 950 2066 ἐξέτεινεν
977 1992 993 2056 6
1021 1991 1142 2076 άγγελος

121 2103 177 2155 τού
199 2098 275 2154 θεοῦ
302 2091 358 2171 τήν
384 2097 465 2173 χεῖρα
492 2091 586 2154 αύτού
612 2091 656 2164 εἰς
675 2084 864 2171 Ἰερουσαλήμ
889 2099 943 2152 τού
966 2091 1143 2171 διαφθεῖραι

121 2191 157 2254 έν
180 2190 264 2275 αὐτῇ.
300 2188 351 2250 καλ
373 2184 437 2251 εἷπε
460 2188 560 2251 Λαυλδ
581 2189 657 2270 πρὸς
679 2189 732 2251 τὸν
750 2189 825 2251 θεὸν
847 2187 880 2250 έν
898 2194 937 2272 τῷ
958 2188 1032 2248 ἰδεῖν
1051 2187 1142 2249 αὐτὸν

121 2289 176 2352 τδν
203 2286 326 2370 άγγελον
352 2288 500 2349 τύπτοντα
526 2286 559 2348 ἐν
585 2293 625 2370 τῷ
647 2291 716 2371 λαῷ·
741 2286 808 2347 ἰδού
831 2283 888 2367 ἐγὼ
911 2281 1067 2366 ἡμάρτηκα
1090 2283 1140 2345 καλ
1154 2306 1182 2346 ιο

121 2387 180 2469 ἐγώ
203 2387 263 2466 εἰμι
285 2384 301 2448 6
324 2385 438 2465 ποιμήν
461 2384 477 2448 δ
500 2384 714 2463 καταπατήσας,
736 2383 786 2444 καλ
807 2375 889 2444 ούτοι
908 2381 943 2444 τδι
960 2382 1094 2465 πρόβατα
1112 2382 1142 2443 τί
1154 2394 1192 2435 1²⁷
1206 2395 1243 2437 M·

121 2483 281 2563 ἐποίησανς
308 2481 441 2565 γενέσθω
469 2482 506 2561 δή
534 2480 554 2562 ή
582 2483 643 2565 χείρ
672 2499 727 2542 σου
755 2480 787 2542 ἐν
811 2480 891 2559 ἐμοί,
914 2480 1011 2561 κύριε,
1035 2478 1090 2540 καλ
1108 2478 1141 2541 ἐν

121 2588 163 2667 τῷ
183 2582 255 2668 οἴκφ
281 2589 335 2642 τού
362 2582 472 2662 πατρός
500 2604 567 2660 μου.
613 2577 663 2640 καὶ
688 2577 892 2661 παρακληθεὶς
915 2576 932 2640 6
954 2578 1056 2659 κύριος
1078 2570 1141 2638 εἶπε

121 2679 198 2760 πρὸς
229 2679 281 2742 τδν
312 2677 448 2760 άγγελον·
477 2677 546 2752 άνες
574 2677 630 2757 τήν
657 2677 738 2758 χεῖρά
764 2693 828 2738 σου.
873 2674 924 2737 καλ
950 2668 1141 2759 ᾠκοδόμησεν
1280 2753 1283 2758 ⁴

121 2777 188 2840 ἐκεῖ
204 2777 420 2857 θυσιαστήριον
438 2774 538 2838 Δαυλδ
558 2775 609 2837 καλ
629 2774 779 2855 ἀνήγαγεν
801 2773 896 2848 εύθδς
919 2769 1139 2846 ὁλοκαυτώσεις.
1155 2791 1185 2834 τε

120 2874 174 2938 καλ
196 2874 360 2955 έπήκονσεν
383 2875 476 2937 αὐτού
501 2874 618 2955 κύριος,
645 2871 696 2934 καλ
720 2869 884 2953 συνεσχέθη
907 2870 1065 2933 ἐπάνωθεν
1085 2863 1141 2930 Ἰσ-

121 2972 201 3055 ραήλ
222 2969 242 3052 ή
265 2979 402 3054 θραύσις.
470 2974 472 2979 ’

196 3142 325 3212 1ιιαλρ’
345 3142 469 3268 χιλιάδες
455 3161 520 3207 sm
540 3144 677 3214 Ιίνιιις.
697 3138 988 3195 αδδΗΒοιιιΜ-
1012 3155 1052 3191 υπ
1056 3135 1144 3206 'post

121 3214 227 3287 μάχαιρ
211 3234 264 3283 ραν
278 3216 329 3270 im.
447 3220 465 3267 4
483 3215 595 3285 προσώχ
595 3217 636 3283 θη
639 3230 687 3267 σευ
700 3209 896 3265 AOHMR-
917 3214 950 3262 10
967 3207 1141 3332 lungowevg

122 3287 155 3343 έιι
173 3287 324 3353 προσώπου
342 3285 448 3340 PR—
467 3290 500 3339 11
520 3284 575 3354 γδιδ
579 3235 643 3338 κτὸν
661 3281 810 3351 προφήτην
827 3279 935 3334 AG-
956 3285 988 3333 16
1008 3300 1042 3333 ιιυ
1045 3298 1104 3346 ριος

121 3306 240 3418 θεδςρΝ
250 3355 352 3419 -ἐως
366 3354 484 3426 ἑσπέρας
492 3355 600 3410 AG
605 3359 648 3409 19
664 3351 771 3427 αύτωΟ
786 3368 836 3407 om
846 3351 930 3405 Ν.-
945 3356 979 3404 22
994 3348 1029 3418 δή
1044 3366 1094 3405 om.
1102 3347 1138 3402 N.

197 3522 210 3569 1
231 3514 329 3586 ἰτραήλ
342 3514 508 3588 χιλιάδεςρ’
515 3515 548 3588 μή
555 3515 668 3582 ἀνδρῶν
683 3512 741 3567 ἐστι.
758 3511 825 3581 (rell.
841 3528 891 3567 om.
906 3517 932 3566 ετ
945 3510 985 3566 λιτ
1000 3507 1145 3579 ιἰιτινυοε.)

120 3587 209 3643 Ρ.-
231 3592 265 3640 24
283 3588 332 3641 καλ
351 3586 533 3656 ὠκοδομήσας
556 3586 643 3648 εύθδς
665 3583 824 3639 ἐκεῖ-καλ
840 3583 992 3654 ἀναγαγὼν
1011 3579 1138 3636 δλοιιαυτ.

121 3657 262 3727 έπήιονσε
279 3657 422 3727 τύριοςΡ.

909 3742 959 3796 12*
