2617 3909
530 226 719 278 xpoanon
1059 223 1126 290 329

110 381 205 434 ταῦτα
226 372 330 433 πάντα.
376 372 423 436 διὸ
449 373 488 451 δή
516 391 611 451 φησιν
634 371 650 434 δ
674 370 757 447 θεάς·
785 372 886 452 ἐπειδὴ
908 370 1043 452 ἥκουσαν
1066 372 1126 434 υἱοὶ

108 464 255 550 Ἰωναδὰβ
276 471 347 532 υίοῦ
364 466 470 552 Ῥηχάβ
492 471 548 550 την
568 469 691 548 ἐντολὴν
714 479 768 532 τοῦ
786 471 895 552 πατρὸς
912 470 1011 532 αὐτῶν
1030 477 1126 532 ποιεῖν

112 569 168 632 ὅσα
189 568 348 632 ἐνετείλατο
371 568 484 648 αὐτοῖς,
505 569 543 631 οδ
562 567 604 647 μὴ
621 568 739 653 έκλεέπη
758 567 836 650 ἀνὴρ
853 579 913 631 τῶν
930 569 1006 630 υἱῶν
1021 562 1126 649 Ῥηχάβ

111 665 301 749 παρεστηκὼς
323 666 397 728 κατὰ
419 667 579 750 πρόσωπόν
602 690 661 747 μου
681 668 777 742 πάσας
795 667 846 741 τὰς
864 664 975 748 ἡμέρας
992 677 1046 746 τῖχς
1063 676 1126 748 γῆς.

177 759 231 828 Ἐκ
259 775 319 826 τῶν
347 766 472 828 δικαίων
498 757 555 827 οάν
581 766 696 828 τούτων
721 763 915 846 καταχθέντες
941 767 974 828 οἱ
995 759 1128 828 Ἐσσαῖοι
1155 783 1167 824 ε

112 857 196 928 οὗτοι
223 862 274 926 καλ
300 863 466 942 θαυμάσιοι
491 869 602 943 μᾶλλον
624 863 797 942 ἐπηύξησαν
820 863 869 925 καλ
891 862 1076 946 προσέθεσαν
1098 885 1127 924 τε

113 960 165 1024 κοιλ
187 959 337 1023 ἐπέτειναν
359 961 414 1040 τήν
432 984 461 1023 τε
482 962 671 1043 πανάγαστον
689 960 740 1022 καὶ
757 962 937 1042 πανάριστον
959 960 1127 1042 ἀκτημοσά-

114 1083 174 1139 νην
195 1057 246 1120 καλ
268 1057 324 1138 τὴν
345 1065 477 1139 θεοφιλῆ
499 1058 550 1120 καὶ
571 1057 736 1140 άγιοπρεπῆ
760 1060 982 1141 σκληραγιογῖαν
1004 1057 1055 1121 καὶ
1074 1058 1128 1121 ἀν-

113 1156 300 1239 υπέρβλητον
327 1157 538 1238 δικαιοσύνην,
568 1155 608 1232 ὡς
635 1157 713 1220 ἔστιν
735 1156 862 1220 ἀκοῦσαι
884 1157 920 1219 τδι
941 1156 1008 1238 περὶ
1030 1157 1128 1220 αὐτῶν

114 1255 246 1336 έναργῖος
272 1247 342 1316 ὧδε·
372 1249 518 1335 Ἐσσαῖοι,
548 1255 588 1330 ἀς
616 1273 711 1334 φησιν
730 1249 887 1335 Ἰώσηπος,
912 1251 1052 1318 Ἰουδαῖοι
1075 1253 1128 1336 μέν
1143 1273 1169 1314 ιο

113 1354 170 1418 εἰσι
180 1352 225 1414 .τὸ
247 1350 343 1433 γένος,
363 1353 539 1431 φιλάλληλοι
556 1351 589 1416 δὲ
607 1352 658 1414 καὶ
675 1362 734 1415 τῶν
752 1351 849 1415 ἀλλων
866 1352 999 1434 εὐλαβεῖς
1017 1358 1128 1433 πλεῖον,

114 1454 146 1514 οἳ
171 1451 226 1530 τὴν
255 1448 308 1530 μὲν
330 1447 446 1529 ἡδονὴν
469 1448 510 1525 ὡς
532 1452 640 1513 κακίαν
662 1449 912 1534 ἀποστρέφονται,
937 1451 994 1530 τὴν
1017 1449 1049 1514 δὲ
1071 1469 1128 1512 σοι·

115 1549 274 1631 φροσάνην
300 1547 351 1610 καὶ
377 1547 546 1629 ἐγκράτειαν
570 1547 621 1610 καὶ
647 1548 680 1611 τὸ
710 1549 751 1630 μὴ
779 1555 841 1624 τοῖς
867 1550 997 1612 πάθεσιν
1019 1549 1128 1613 δποπί-
1143 1562 1183 1601 ²44
1197 1560 1228 1600 Μ-

114 1669 199 1710 πτειν
220 1645 328 1728 ἀρετὴν
349 1645 622 1726 ὑπολαμβάνουσιν.
659 1647 709 1708 καλ
732 1648 825 1729 γάμος
853 1646 907 1728 μὲν
932 1641 1002 1728 παρ’
1028 1647 1129 1720 αὐτοῖς

112 1745 307 1826 ὑπεροράτω,
336 1744 406 1817 τοὺς
428 1737 457 1806 δ’
479 1742 649 1825 ἀλλοτρίους
676 1747 787 1822 παῖδας
808 1744 895 1821 νέους
917 1746 958 1808 έτι
979 1751 1128 1828 προσλαμ-
1143 1765 1168 1806 τε

114 1841 276 1924 βανόμενοι
303 1841 353 1904 καλ
380 1842 568 1916 διδάσκοντες
596 1840 636 1916 ὡς
660 1849 809 1925 συγγενεῖς
830 1839 974 1924 ἡγοῦνται
996 1841 1046 1903 καὶ
1068 1849 1129 1916 τοῖς

113 1939 224 2020 ἤθεσιν
251 1939 364 2002 ἑαυτῶν
390 1939 577 2002 ἀντυποῦσιν.
622 1940 673 2002 καὶ
700 1940 751 2002 τὸν
774 1938 828 2020 μέν
850 1940 977 2019 ἔννομον
999 1939 1049 2002 καλ
1072 1940 1129 2001 σά-

116 2061 215 2119 φρονα
241 2038 338 2119 γάμον
364 2036 415 2099 καλ
437 2037 492 2117 τὴν
514 2037 544 2111 ἕξ
567 2037 661 2100 αὐτοῦ
685 2038 827 2119 διαδοχὴν
849 2035 1056 2118 ἀποδέχονται,
1079 2037 1130 2110 τδις

116 2133 150 2199 δὲ
177 2135 369 2216 παρανόμους
397 2134 448 2197 καὶ
475 2141 646 2216 θεοστυγεῖς
674 2137 765 2214 μίξεις
791 2133 842 2196 καὶ
864 2133 1012 2217 ἀσελγείας
1033 2133 1130 2197 τέλεον

115 2231 350 2313 ἀποστρέφονται
380 2231 431 2294 καλ
462 2231 686 2314 ἀποβάλλονται.
735 2239 962 2314 καταφρονεῖται
994 2231 1025 2296 δὲ
1057 2226 1126 2313 παρ’
1144 2253 1170 2293 ιο

116 2331 218 2405 αιἰτοῖς
244 2337 371 2405 πλοῦτος
396 2329 447 2392 καὶ
473 2331 670 2411 πολυκτησῖα,
697 2330 748 2392 καὶ
770 2331 825 2411 τὴν
852 2328 1063 2410 ἀκτημοσάνην
1090 2328 1130 2404 ὡς

116 2428 333 2510 ἀπερίσπαστον
355 2428 406 2490 καὶ
427 2428 565 2510 ένάρετον
587 2426 775 2502 ἀσπάζονται.
815 2427 866 2491 καλ
887 2427 959 2509 πρὶν
981 2426 1035 2508 μέν
1057 2426 1130 2489 ἀνα-

116 2533 197 2608 σχεῖν
218 2527 270 2588 τὸν
292 2527 378 2607 ἥλιον
401 2524 490 2589 οὐδέν
512 2524 606 2608 ἀργὸν
629 2525 822 2610 φθέγγονται,
845 2525 1008 2607 προσευχὰς
1026 2525 1058 2589 δέ
1081 2525 1130 2587 καὶ

190 2696 294 2760 10-p.
311 2696 371 2756 331,
387 2694 419 2742 21
439 2697 553 2759 excerpt.
569 2706 603 2744 ια
616 2688 672 2743 λοι.
687 2689 757 2744 Βο11.
772 2689 807 2759 H,
823 2695 873 2744 119
883 2706 937 2760 sqq.

192 2839 205 2886 1
224 2832 262 2900 δή
280 2849 330 2888 om.
344 2831 452 2887 ANRV
466 2838 531 2901 poet
547 2849 635 2900 φησιν
652 2833 705 2888 ins.
721 2830 752 2886 G.
770 2863 805 2872 -
823 2831 851 2886 ολ
868 2829 927 2886 υέολ
943 2831 1080 2886 BFLMV.
1096 2864 1129 2874 -

117 2911 134 2958 2
207 2904 244 2977 διβ
257 2903 279 2957 Ρ
298 2902 381 2976 διχδιβ
395 2899 490 2994 ςβιχδιμ
503 2904 528 2956 Α
548 2900 630 2975 βιχαῦ
643 2904 676 2974 F)
690 2902 750 2957 rell.
765 2904 828 2958 ι’λικι
841 2920 865 2957 υ.
881 2915 905 2956 κ.
921 2935 954 2943 -
970 2901 1066 2972 ἐκλέπη
1079 2903 1130 2956 BF

117 2976 178 3032 έκλε
190 2987 240 3046 ψει
249 2975 282 3030 Δ.
297 3007 330 3015 -
345 2981 363 3028 4
376 2995 427 3038 τας
440 2992 490 3030 οπο.
500 2974 534 3028 N.
550 3005 584 3014 —
600 2979 616 3027 6
629 2973 837 3043 θαυμάστιοιΑ
851 2976 911 3027 δαυ
951 2975 1012 3028 στοὶ
1026 2971 1080 3028 OF.
1096 3006 1130 3015 —

116 3066 146 3102 τε
163 3065 213 3103 om.
228 3045 286 3100 BF.
300 3078 337 3086 -
351 3051 367 3099 9
381 3045 541 3116 διχιασάνηυ
555 3043 613 3100 RV.
629 3077 663 3086 —
678 3051 712 3100 10
727 3045 870 3114 ῖάσηππος
883 3043 905 3097 Ρ
949 3042 1080 3108 λόσιππος
1092 3045 1130 3100 Μ.

116 3150 153 3160 -
173 3124 204 3173 11
220 3116 305 3172 πλέον
321 3117 379 3173 Jos.
393 3125 419 3172 et
432 3117 468 3185 Β,
486 3119 578 3172 sedin
592 3116 631 3171 lit.
646 3134 681 3172 m.
698 3123 713 3171 1
728 3123 760 3172 ut
772 3117 827 3171 vid.
842 3113 926 3170 πλείω
941 3115 978 3168 Μ.
998 3148 1031 3156 -
1053 3122 1085 3170 15
1100 3115 1131 3171 δέ

118 3190 225 3258 άλλοτρ.
242 3186 325 3242 AOR.
345 3219 380 3229 -
402 3193 435 3242 1'1
455 3189 533 3244 ἔθεσι
551 3186 628 3241 BFV
646 3193 672 3243 et
689 3186 709 3242 O
728 3203 795 3243 corr.
816 3204 849 3242 ικ
868 3187 971 3242 ἔθνεσι.
996 3219 1030 3228 -
1055 3187 1131 3242 ἐντυ-

118 3268 204 3315 ποῦσι
216 3259 291 3313 FRV
301 3259 377 3314 Suid.
386 3277 409 3315 v.
417 3257 552 3314 Ἐσσαῖοι.
576 3259 713 3314 ἐντυπῶσι
722 3257 797 3313 Ac?
809 3267 926 3312 τοποῦσι
936 3257 964 3310 N
980 3257 1132 3314 ἐκτυποῦν-

117 3352 165 3386 ται
178 3331 209 3386 Β.
224 3363 257 3371 -
273 3331 391 3401 ἔννομον
405 3331 496 3401 γάμον
510 3331 558 3384 καλ
572 3330 706 3398 σώφρονα
720 3331 754 3385 N.
765 3362 801 3371 -
815 3335 849 3384 20
863 3329 1070 3402 ἀποβάλλονται
1084 3330 1133 3385 καὶ

117 3401 346 3527 άπχστρέφονται
363 3403 393 3456 Μ
416 3404 465 3457 καὶ
481 3399 690 3474 ἀποβάλλονται
710 3419 760 3458 σοι.
775 3402 806 3456 Β.
831 3433 864 3444 -
889 3406 923 3455 22
942 3398 1067 3472 ἀνίσχειν
1085 3401 1133 3454 FR

117 3481 144 3531 ιλ
204 3492 238 3528 οι.
253 3477 280 3527 2.

192 3611 226 3661 10
245 3601 312 3677 ὦδε]
332 3605 418 3669 οὕτως
435 3606 465 3660 Ρ.
485 3638 519 3646 -
539 3605 645 3661 έσσαῖοι
664 3607 726 3676 γάρ,
745 3606 782 3670 ὥς
801 3628 830 3677 φ,
845 3607 874 3661 Ρ.
