2617 3909
526 249 716 308 XPONIKON
1060 247 1125 312 353

110 394 251 476 δακρύων
274 395 351 456 οὕτω
373 393 449 477 πρὸς
472 395 569 456 ύπνον
591 396 773 475 βαδίζουσιν,
796 404 937 457 τοσοῦτον
960 395 1052 458 αύτοῦ
1075 420 1126 475 με-

109 493 339 575 ταλαγχάνοντες
366 493 438 554 ὅσον
465 492 571 574 μικρὸν
597 492 845 573 ἀναπαύσασθαι,
876 492 927 554 καὶ
958 494 1048 554 πάλιν
1074 493 1126 568 τὰς

110 591 220 664 νύκτας
243 589 354 673 ήμίρας
375 599 515 653 ποιοῦσιν
537 588 570 652 έν
591 591 787 672 εύχαριστίαις
805 589 855 652 καί
873 592 1062 677 ψαλμιμδίαις
1079 589 1125 652 άεί

111 689 269 770 διάγοντες.
319 687 430 750 άπελθε
457 689 561 751 τοίνυν
591 688 667 769 πρὸς
698 689 767 762 τοὺς
794 687 898 771 ἁγίους
925 689 1048 762 τούτους
1074 687 1125 750 καί

109 786 189 864 μάθε
211 809 240 847 τι
261 781 332 868 παρ’
353 786 451 848 αὐτῶν
477 786 621 869 χρήσιμον
650 785 701 848 καί
724 789 899 866 φωτίσθητι.
944 787 1047 868 λύχνοι
1069 787 1124 869 γάρ
1152 809 1165 850 σ

108 883 185 945 εἰσιν
208 882 300 956 ὄντας
322 882 372 945 καί
395 893 548 964 φωστῆρες
569 882 659 965 λόγον
678 886 753 963 ζωῆς
772 884 884 965 ἔχοντες
902 883 953 946 καί
972 893 1124 965 πανταχοῦ
1138 900 1177 940 ιω
1191 898 1224 938 υ.

109 990 163 1060 τής
194 980 372 1061 οἰκουμένης
399 980 480 1055 ὄντες
509 979 559 1042 καί
586 992 685 1044 πᾶσαν
712 983 767 1062 τήν
794 992 852 1064 γῆν
879 983 1123 1063 καταλάμποντες.

108 1077 222 1140 οὐκοῦν
244 1079 343 1159 βάδιζε
362 1089 491 1159 συνεχῶς
508 1079 583 1159 πρὸς
600 1079 720 1160 αύτούς,
743 1080 793 1141 ἴνα
811 1079 862 1153 τὰς
880 1080 912 1141 έν
931 1098 977 1142 σοι
999 1081 1124 1159 κηλῖδας

108 1176 278 1258 ἐκκαθάρας
296 1183 360 1250 ταῖς
378 1175 498 1239 ἐκείνων
513 1175 612 1257 εὐχαῖς
629 1175 681 1238 καί
696 1175 903 1258 παραινέσεων
922 1175 1042 1260 άριστον
1060 1177 1124 1238 έπι-

109 1274 191 1358 δείξη
210 1283 263 1336 τοῦ
281 1279 387 1336 λοιποῦ
406 1276 474 1355 βίον
496 1272 547 1335 καί
564 1283 623 1336 τῶν
641 1273 807 1353 μελλόντων
824 1273 949 1357 ἀγαθῶν
967 1274 1122 1355 έπιτύχοις.
1137 1300 1164 1340 ιο

180 1371 225 1433 Οὐ
248 1372 310 1451 μήν
332 1369 364 1434 δέ
386 1370 460 1434 ἀλλὰ
482 1371 533 1433 καί
557 1373 748 1455 Θεοδάρητος
776 1373 870 1446 ούτως
892 1371 964 1451 ἔφη’
991 1372 1044 1450 τήν
1067 1371 1123 1454 γὰρ

109 1469 149 1548 δή
171 1479 230 1531 τῶν
252 1468 383 1552 ἀγγέλων
409 1470 602 1549 έκμιμοῦνται
627 1469 784 1552 προδήλως
806 1471 954 1530 πολιτείαν
978 1469 1042 1531 ὅσοι
1064 1479 1124 1532 τῶν

108 1565 280 1648 ἀνθρώπων
303 1566 358 1646 τήν
375 1576 429 1628 τοῦ
447 1573 523 1628 θεοῦ
542 1568 705 1648 θεραπείαν
723 1565 904 1648 ἠσπάσαντο,
925 1568 1031 1640 οἵτινες
1048 1568 1123 1647 έφυ-

108 1687 164 1745 γον
187 1661 240 1744 μέν
261 1664 317 1743 τήν
339 1673 393 1727 τοῦ
416 1665 549 1744 σώματος
572 1663 741 1726 ἀνάπαυσιν
763 1664 813 1726 καί
836 1665 891 1744 τήν
909 1665 1037 1744 έννομον
1059 1689 1122 1727 κοι-

108 1763 221 1824 νωνίαν
252 1762 293 1837 δος
324 1773 384 1824 τῶν
417 1764 511 1825 θείων
542 1761 732 1841 άφέλκουσαν
763 1761 813 1824 καί
845 1773 904 1825 τῶν
935 1763 1122 1844 ἐπουρανίων
1136 1789 1163 1830 ισ

107 1858 243 1941 ἀοράτων
265 1861 481 1942 τρυφημάτων,
510 1859 666 1922 κατέλιπον
689 1859 721 1922 δὲ
743 1859 794 1922 καὶ
815 1861 942 1942 πατρίδα
965 1859 1014 1922 καί
1037 1849 1122 1942 γένος

105 2080 217 2136 ριμναν
247 2055 299 2118 καί
330 2054 433 2136 μηδείς
464 2056 516 2116 τὸν
551 2065 628 2118 νοῦν
659 2054 747 2140 έπέχη
779 2055 885 2134 δεσμὸς
916 2055 959 2128 είς
990 2055 1122 2138 οὐρανὸν

105 2152 283 2234 ἀναπτῆναι.
328 2154 442 2216 τούτων
468 2153 588 2235 πλήρεις
616 2151 667 2214 καί
694 2152 793 2226 πόλεις
820 2151 870 2214 καὶ
899 2162 995 2232 κῶμαι
1017 2152 1067 2214 καί
1090 2155 1124 2214 αί

180 2339 276 2387 4-10
300 2332 395 2403 Chrys.
414 2333 445 2387 in
462 2333 564 2387 Matth.
583 2332 664 2388 Hom.
686 2337 718 2386 72
738 2336 806 2403 (73),
825 2338 842 2387 4
865 2332 961 2402 Migne
979 2332 1056 2388 Tom.
1077 2338 1120 2400 58,

106 2410 178 2530 χχήῃ
169 2406 230 2529 ῇή3
232 2410 391 2544 χ-89121ἆγ,
407 2409 473 2472 354,
488 2410 502 2457 1
522 2403 688 2459 Theodoret.
709 2403 807 2458 Graec.
827 2403 872 2458 aff.
893 2404 1003 2459 0111.OE
1023 2405 1119 2474 Migne

179 2618 285 2686 8πρδς
307 2618 410 2680 αύτούς
432 2625 554 2688 συνεχῶς
570 2617 651 2670 BFL.
677 2649 710 2658 -
735 2623 750 2671 9
775 2616 984 2685 ἐκκαθάραντες
1006 2615 1120 2674 ἐκείνων

106 2689 246 2743 BGEFR.
262 2721 295 2730 —
311 2695 344 2742 10
357 2698 408 2744 τοῦ
422 2693 521 2743 λοιποῦ
535 2688 585 2742 τδν
618 2685 662 2743 ίον
672 2687 720 2741 ΑΒ
737 2688 769 2743 τδ
782 2689 881 2744 λοιπὸν
895 2696 944 2742 τοῦ
959 2685 1023 2760 βίου
1036 2688 1069 2742 V.
1085 2721 1119 2729 —

107 2761 249 2832 έπιτύχοις
262 2759 380 2814 AFLPV
398 2759 531 2832 ἐπιτύχῃς
543 2758 592 2814 BG
629 2760 655 2812 R
665 2759 760 2828 Chsys.
778 2761 833 2815 lect.
848 2761 905 2816 ουά.
919 2759 943 2812 Ε
957 2761 1070 2816 incerta.
1085 2791 1119 2802 -

109 2837 142 2884 12
161 2830 307 2899 προδήλως
325 2831 505 2902 έκμιμοῦνται
524 2829 667 2886 πολιτείαν
685 2830 782 2886 LExc.
809 2830 866 2900 έκμ.
885 2827 1028 2885 πολιτείαν
1051 2849 1118 2900 προ-

108 2900 197 2969 δήλως
210 2901 237 2954 N
256 2903 317 2971 έκμι
339 2903 389 2958 .έν
409 2902 491 2970 σαρκί
508 2900 650 2957 πολιτείαν
668 2902 699 2955 Β.
718 2934 751 2942 -
771 2907 805 2956 16
824 2901 987 2957 κατέλειπον
1005 2901 1069 2956 MP.
1084 2933 1118 2942 —

109 2979 142 3028 18
162 2972 253 3044 έπέχει
271 2975 318 3026 AF
350 2973 376 3026 R
399 2972 513 3045 έπιδέχη
530 2973 562 3027 Β.
586 3006 619 3014 -
645 2973 686 3036 εἰς
707 2973 757 3028 τὸν
781 2973 902 3040 ούρανδν
921 2972 948 3025 N
971 2973 1011 3036 εἰς
1034 2973 1119 3041 ούρα-

106 3046 176 3110 νοδς
189 3044 217 3099 C.
233 3077 267 3085 -
288 3050 320 3098 19
339 3046 389 3099 καί
407 3053 498 3114 κῶμαι
516 3045 564 3098 καί
581 3043 676 3106 πόλεις
689 3044 745 3096 ΑΜ
762 3045 811 3099 καλ
824 3053 915 3113 κῶμαι
931 3043 979 3097 καί
993 3041 1118 3115 χῶραιΒ

108 3116 158 3170 καί
175 3114 269 3178 πόλεις
286 3134 336 3172 ουτ.
352 3116 381 3170 F.
401 3149 434 3157 -
454 3116 485 3170 αἱ
503 3133 553 3171 ουτ.
568 3116 594 3169 R
607 3116 674 3171 Exn.
684 3115 789 3170 Theod.

179 3267 246 3323 σέο
259 3284 310 3324 om.
324 3267 355 3322 P.
370 3301 404 3309 —
423 3272 440 3320 4
457 3269 526 3324 Post
539 3266 719 3338 σιάγοντεςΡ
737 3268 796 3322 αλια
813 3267 909 3321 inserit
926 3266 1117 3335 εοαναοεοιύμ-

106 3344 186 3393 ουτοι
208 3339 297 3394 verba.
320 3371 356 3379 —
384 3344 398 3392 Ἰ
422 3340 489 3394 Post
510 3339 737 3407 καταλάμποντες
759 3337 781 3391 Ρ
804 3339 882 3392 πάλλε
908 3338 955 3390 καί
984 3335 1117 3405 καθάπερ

106 3406 182 3479 τείχη
196 3418 259 3473 ταῖς
271 3408 384 3465 πόλεσιν
399 3410 427 3476 ἐξ
441 3412 533 3464 αὐτῶν
547 3411 643 3465 πολλοὶ
657 3408 886 3479 παρακάθηνται.
901 3409 1011 3464 διὐιιλία
1022 3407 1116 3477 Chrys.

108 3511 142 3520 —-
167 3487 200 3534 14
222 3490 278 3535 τῶν
301 3481 435 3550 σωμάτων
459 3481 594 3535 PTheod.
619 3513 653 3521 —
683 3486 715 3534 19
739 3481 806 3536 Post
829 3481 989 3548 ἀναπτῆναι
1008 3479 1030 3532 Ρ
1056 3497 1118 3535 eum

106 3550 213 3606 Theod.
233 3553 312 3606 αδδ·
329 3554 378 3608 καί
395 3552 427 3607 τὸ
446 3552 548 3622 νοητὸν
566 3553 615 3608 καὶ
634 3551 756 3621 ἄρρητον
773 3559 824 3606 τοῦ
841 3555 914 3606 θεοῦ
931 3559 1117 3606 κατοπτεῦσαι

106 3621 264 3692 γλιχόμενοι
281 3623 387 3688 κάλλος.

161 3721 304 3772 Georgius
317 3721 475 3762 non-chus
489 3722 525 3762 εδ.
538 3722 567 3762 δε
580 3722 648 3762 Βοοτ.
672 3723 691 3761 1.
923 3717 956 3766 23
