2617 3909
532 224 735 282 musmo
1053 227 1144 278 ‘XXV

119 412 126 417 -
192 371 311 432 Pariter
327 375 425 449 'atque
446 374 480 431 in
495 371 527 431 Α
539 376 644 433 cento·
660 373 696 432 de
716 371 942 460 Cappadocibus
966 376 1144 451 compilatus

117 462 158 521 :in
179 461 300 537 imperii
322 461 438 521 Phocae
465 461 523 521 fine
548 464 653 521 exstat.
701 462 766 534 Quo
794 462 897 523 ordine
920 463 1076 524 Michaelis
1098 463 1145 525 111
1262 475 1265 479 ’

119 550 285 628 imperium
303 553 460 619 narratum
475 551 565 611 fuerit
584 551 745 611 diiudicari
758 571 818 611 non
836 556 944 629 potest,
964 572 1032 614 cum
1045 556 1145 615 textus

118 641 257 717 perierit
302 640 338 698 Id
362 659 397 697 ex
419 639 517 699 indice
543 641 677 716 capitum
699 644 839 717 apparet,
858 641 1001 711 ,Aramm
1028 639 1145 702 cladem

115 748 185 789 uon
202 729 294 787 fnisse
317 730 471 791 nauatam
493 730 526 787 in
548 729 607 789 fine
631 730 780 804 chronici,-
794 748 891 806 neque
913 735 1014 791 tamen
1042 735 1145 791 utrum

114 817 195 877 libri
218 818 249 875 A
272 822 407 877 servatus
435 818 527 877 fuerit
549 819 622 878 ordo
648 838 688 879 an
715 818 785 877 libri
809 819 1054 897 Cognoscitur.
1099 821 1144 880 llo

113 926 243 983 ,quoqne
266 908 296 965 B
318 907 443 984 propius
467 906 553 967 abest
574 908 612 966 ab
627 908 660 988 >A
684 926 775 984 quam
798 908 836 968 ab
862 908 888 968 0
909 910 989 987 quod
1011 911 1145 987 capitum

121 998 196 1056 novi
219 997 373 1073 cuiusque·
389 998 481 1074 regni*
498 997 548 1055 vel
574 998 694 1072 imperii
721 997 809 1057 initio
830 999 1041 1075 inscriptiones
1064 1000 1096 1057 in
1113 998 1145 1058 A

121 1090 154 1146 et
173 1086 204 1145 Β
221 1087 254 1143 in
276 1086 355 1144 hanc
367 1085 494 1145 formam
512 1085 652 1147 redactae
665 1086 872 1146 inveniuntur:-
895 1085 970 1166 Περὶ
983 1095 1037 1148 τοῦ
1051 1087 1145 1167 δεῖνα,

120 1178 157 1234 in·
182 1175 208 1234 0
234 1178 265 1234 et
286 1175 318 1232 D
345 1173 456 1250 ubique
483 1175 560 1234 fere:
594 1168 683 1255 Ἀρχὴ
712 1183 766 1253 τῆς
795 1175 945 1253 βασιλείας
971 1185 1025 1237 τοῦ
1051 1176 1144 1237 δεῖνα.

114 1264 192 1325 Non
216 1264 313 1341 igitur
334 1265 443 1324 mirum
467 1268 513 1323 est
535 1264 646 1325 miritae
670 1264 822 1340 lectiones,
843 1268 1006 1325 maximam
1028 1271 1145 1343 partem

114 1354 265 1430 optimas,
280 1371 348 1410 vuon
369 1354 500 1413 inueniri
521 1353 580 1413 nisi
602 1354 634 1411 in
657 1353 705 1411 his
727 1352 843 1413 duobus
864 1354 960 1429 libris,
982 1355 1014 1413 id
1035 1355 1146 1415 mirum

120 1443 282 1520 plerasque
302 1440 447 1501 eiusmodi
465 1442 607 1502 lectiones
629 1443 662 1501 in
679 1445 845 1520 posteriore
868 1444 989 1503 demum
1012 1445 1145 1505 chronici

120 1535 211 1607 parte
233 1530 302 1589 inde
326 1549 345 1589 a
366 1550 395 1607 p.
416 1532 480 1590 419
504 1530 565 1590 fere
593 1535 724 1607 exstare3
750 1532 783 1591 in
809 1535 910 1609 priore
937 1534 1144 1594 tantummodo

119 1622 173 1680 laic
191 1620 255 1679 illic
269 1620 437 1679 nonnullas:
469 1620 582 1681 Prioris
596 1622 692 1696 partis
706 1624 807 1681 textus
822 1640 890 1681 cum
908 1642 926 1681 a
947 1623 1007 1683 OD
1019 1624 1145 1700 propius

116 1709 204 1769 absit
222 1728 313 1784 quam
332 1708 370 1767 ab
383 1708 423 1783 A,
445 1708 521 1768 liber
539 1709 650 1769 codicis
665 1711 696 1769 B
715 1711 895 1788 archetypus
914 1712 987 1771 dnae
1005 1712 1145 1773 habuisse

122 1798 244 1859 vidum
266 1802 367 1874 partes
391 1798 528 1863 diverses
546 1818 565 1857 a
588 1799 707 1859 diversa
729 1801 823 1876 stirpe
846 1800 996 1861 oriundas.

174 1876 177 1883 ’
193 1886 340 1947 Similiter
357 1890 450 1963 atque
472 1889 505 1945 in
522 1888 555 1947 D
578 1889 723 1949 nonnulla
741 1907 839 1964 neque
857 1907 893 1949 ea
910 1891 1008 1949 multa
1029 1893 1063 1950 in
1080 1891 1145 1951 solo

119 1977 155 2035 -B
173 1979 374 2036 inveniuntur.
412 1976 449 2035 In
467 1977 523 2037 hoc
540 1995 648 2055 genere
667 1981 786 2038 exstant
803 1998 833 2054 p.
849 1980 924 2053 442,
940 1982 979 2040 19
1000 1980 1037 2047 de
1055 1981 1145 2040 fonti·

116 2065 179 2128 irus
212 2064 391 2141 quibusdam
422 2065 545 2125 servicis
582 2085 723 2126 excursus
756 2088 772 2127 e
799 2067 888 2131 Pauli
916 2067 1082 2128 silentiarii
1113 2069 1145 2128 in

116 2154 269 2214 -Thermas
292 2153 417 2231 Pythias
441 2157 571 2215 carmine
594 2159 760 2232 excerptus,
788 2177 817 2232 p.
837 2158 912 2231 585,
933 2158 973 2216 18
997 2157 1033 2215 de
1056 2157 1145 2217 idolis

117 2264 140 2303 e
158 2245 242 2303 coelo
262 2243 370 2303 delatis
387 2246 461 2304 nota
483 2244 696 2321 mythologice,
718 2264 748 2322 p.
768 2247 843 2319 col,
859 2249 900 2304 14
919 2246 1001 2305 locus
1025 2265 1084 2322 quo
1108 2247 1145 2305 de

116 2333 281 2393 :moenibus
295 2332 394 2411 longis
407 2352 501 2409 prope
510 2332 693 2409 Byzantium
707 2334 873 2394 aedificatis
882 2334 993 2412 agitur,
1005 2356 1035 2412 p.
1044 2336 1143 2409 606‚2

124 2423 160 2481 de
180 2423 324 2491 vlllestorio
355 2422 501 2498 expositio
529 2442 565 2481 ex
593 2423 772 2483 Theodoreti
798 2423 1026 2483 Haereticamm
1047 2424 1144 2485 Faba·
1177 2444 1180 2450 ·

123 2513 228 2571 larum¹
251 2510 427 2587 compendio
450 2516 598 2588 excerpta,
625 2531 653 2587 p.
674 2514 738 2572 629
749 2532 813 2588 sqq.
836 2513 876 2575 ad
901 2515 999 2588 quinti
1027 2514 1146 2575 concilii

122 2601 310 2660 oecumenici
335 2600 493 2660 historiam
520 2601 739 2678 epistolamque
767 2602 929 2661 Iustiniani
955 2603 1145 2679 imperatoris

123 2690 161 2748 ad
189 2690 268 2749 illud
295 2690 454 2749 concilium
476 2690 513 2747 dc
536 2687 676 2768 Origenis
703 2691 852 2750 erroribus
878 2694 1001 2751 missam
1028 2692 1146 2752 addita·

118 2782 235 2839 menta.
281 2778 404 2839 Praeter
428 2778 502 2837 haec
529 2781 617 2839 initio
645 2779 718 2839 libri
743 2780 775 2837 in
802 2783 937 2858 margine
959 2784 1049 2841 notae
1072 2801 1145 2841 non·

123 2868 226 2928 nullae
254 2868 458 2927 inveniuntur.
500 2866 582 2937 Quae
612 2870 660 2927 vir
688 2868 812 2944 quidam
844 2870 948 2929 doctus
976 2890 992 2928 e
1020 2870 1144 2930 diversis

116 2975 199 3033 quos
223 2957 339 3035 legerat
357 2956 441 3016 libris
460 2958 607 3033 excerpsit
625 2960 717 3033 atque
738 2960 772 3017 in
790 2961 925 3037 margine
944 2958 1086 3033 exhibuit,
1104 2979 1145 3017 ,ea

123 3046 266 3106 librarius
293 3045 404 3121 partim
432 3045 476 3104 ibi
502 3046 639 3123 reliquit,
666 3048 798 3123 plurima
824 3050 857 3106 in
883 3052 1000 3107 textum
1022 3050 1145 3124 recepit.

117 3136 196 3195 ›Plus
220 3137 323 3195 nocuit
345 3135 440 3194 textui
464 3136 544 3211 quod
562 3136 674 3195 multos
696 3137 786 3212 locos,
808 3140 843 3198 nt
865 3139 962 3196 oratio
983 3138 1144 3213 perpolire-

124 3228 188 3300 tm,
221 3244 275 3284 sno
307 3222 432 3303 arbitrio
464 3224 605 3287 librarius
635 3225 773 3285 mutavit
819 3226 917 3285 Natae
949 3226 1044 3303 igitin
1075 3231 1146 3287 sunt

117 3315 267 3374 ‚lectiones
290 3312 451 3389 plurimae,
479 3333 556 3390 quae
578 3318 699 3389 praeter
721 3315 852 3380 codicem
874 3315 905 3372 B
928 3333 1078 3391 nusquam
1099 3318 1145 3375 in·

124 3405 296 3463 veniuntur.
337 3400 432 3461 Probe
456 3406 557 3462 autem
580 3407 762 3481 cognoverat
783 3404 844 3476 ille,
867 3403 1037 3481 Georgicum
1060 3425 1144 3481 prae-

125 3493 228 3552 sertim
243 3492 294 3568 qui
314 3510 345 3551 se
363 3491 509 3567 ψελλίζειν
527 3492 591 3568 ipse
606 3492 793 3566 confiteatur,
810 3494 933 3551 minime
952 3510 1014 3551 esse
1034 3492 1144 3552 Graece

116 3581 274 3643 scribendi
292 3580 432 3657 peritum,
456 3582 567 3657 quippe
592 3582 643 3657 qui
662 3583 819 3641 enuntiata
837 3580 1058 3655 perversissime
1076 3599 1144 3638 con·
