2617 3909
153 209 201 258 LX
556 208 757 259 PRAEFATIO

154 359 309 435 αγγελικῆς
331 352 381 415 καὶ
400 365 561 434 μοναχικῆς
580 356 727 427 πολιτείας
747 352 798 415 καὶ
815 352 1003 435 ὑψηλοτέρας
1022 355 1176 435 διαγωγῆς

153 446 337 520 inscriptam,
361 447 391 503 et
413 445 613 505 Baroeeianus
639 448 712 522 197,
735 448 820 505 ouius
843 445 925 505 toliis
945 447 1099 519 212'sqq.
1124 464 1175 503 ea-

153 534 220 593 dem
244 535 442 593 oontinentur.
488 534 531 595 Ut
554 535 629 595 alios
652 535 745 594 libros
769 536 1010 611 praetermittam
1032 538 1176 609 excerpta

154 624 298 683 eiusmodi
311 624 403 681 etiam
417 623 611 682 inveniuntur
628 626 661 681 in
674 623 876 699 Neapolitano
894 623 926 681 Π
939 623 968 681 Α
983 624 1035 697 26,
1052 644 1081 699 p.
1098 624 1176 697 346,

153 711 378 771 Vindobonensi
390 712 491 771 Theol.
500 732 595 790 graec.
603 716 666 772 241
676 713 726 771 101.
735 714 808 785 133,
816 712 971 771 Vaticanis
984 714 1098 789 graecis
1109 714 1173 771 197

153 802 205 860 fol.
227 802 306 861 155*
329 803 359 860 et
384 803 468 860 1296
493 802 544 861 101.
566 806 583 861 1
609 805 639 860 01
663 803 736 863 556.
783 802 883 860 Unum
905 803 938 859 in
963 821 1051 861 usum
1072 821 1177 860 meum

154 892 288 949 converti
316 888 438 968 Georgii
467 891 576 951 codicis
604 892 820 969 fragmentum,
853 891 933 966 quod
961 888 1083 968 Georgii
1110 909 1178 949 esse

152 998 249 1054 neque
276 979 515 1039 Montfauconius
543 1000 639 1055 neque
663 979 820 1039 Omontius
843 983 1060 1057 cognoverunt,
1091 978 1177 1039 cois·

153 1068 267 1127 liniano
293 1070 334 1127 28
358 1068 447 1127 Ρο011
475 1070 604 1145 apostoli
637 1070 779 1145 epistolas
807 1070 973 1129 continenti
999 1068 1177 1145 praefixum,

154 1160 265 1234 quippe
290 1158 368 1233 quod
392 1160 422 1217 et
440 1159 551 1217 saeculi
568 1158 611 1217 XI
635 1160 675 1218 sit
693 1162 724 1217 et
744 1160 921 1235 cognatione
940 1158 979 1215 ad
996 1157 1062 1217 AB
1080 1162 1181 1234 prope‘

155 1247 284 1306 accedat.
331 1246 413 1316 Quae
437 1248 547 1308 codicis
570 1249 601 1306 B
624 1248 765 1308 librarius
787 1251 897 1307 temere
920 1250 1052 1306 mutavit
1071 1266 1176 1306 eorum

154 1338 297 1413 pleraque
320 1337 372 1395 sed
394 1357 454 1396 non
473 1338 574 1396 omnia
596 1339 799 1397 inveniuntur.
841 1336 1012 1395 Dolendum
1029 1338 1075 1396 est
1094 1337 1178 1411 quod

155 1428 286 1500 quinque
314 1428 433 1484 tantum
465 1426 540 1485 folia
571 1428 660 1485 unius
694 1426 897 1501 quaternionis
925 1417 970 1508 (2.
990 1428 1019 1485 3.
1040 1429 1068 1486 6.
1090 1427 1118 1483 7.
1139 1418 1175 1507 8)

155 1518 323 1589 supersunt.
369 1514 502 1591 Paginae
530 1518 684 1573 continent
709 1516 797 1574 binas
824 1516 991 1589 columnas,
1018 1515 1177 1573 columnae

156 1621 241 1661 senos
269 1604 397 1662 tricenos
424 1622 535 1663 versun.
582 1604 712 1663 Exstant
737 1607 770 1661 in
797 1604 844 1664 his
871 1604 952 1664 foliis
981 1605 1041 1663 loci
1062 1603 1134 1662 inde
1157 1622 1180 1662 a

155 1690 290 1751 θάνατον
320 1712 349 1767 p.
370 1694 443 1765 225,
463 1695 504 1751 22
533 1712 626 1768 usque
659 1693 698 1751 ad
729 1692 843 1772 πράξας
874 1714 903 1768 p.
923 1693 1002 1767 234,
1023 1696 1062 1752 11
1098 1695 1129 1751 01
1157 1712 1179 1751 a

155 1771 271 1861 ldlyovg
293 1779 418 1851 τούτους
440 1802 468 1857 p.
490 1783 563 1855 243,
583 1783 601 1839 8
626 1801 721 1857 usque
743 1782 783 1841 ad
804 1803 833 1858 p.
855 1783 998 1859 256,11.

222 1869 415 1945 Relinquitur
424 1874 458 1929 ut
473 1870 603 1929 codicem
612 1872 747 1929 omnium
759 1873 999 1931 vetustissimum
1009 1870 1178 1930 describam

155 1952 389 2019 coislinianum
412 1950 482 2033 305,
507 1960 579 2018 olim
599 1962 639 2018 66
661 1953 723 2041 (P).
761 1961 818 2019 Est
836 1960 913 2019 liber
930 1960 1178 2019 membranaceus

155 2047 267 2107 saeculi
289 2048 316 2105 X
339 2049 388 2107 vel
410 2048 453 2107 XI
479 2048 624 2123 ineuntis,
653 2051 718 2108 340
741 2050 891 2107 foliorum.
944 2050 1032 2109 Folia
1057 2052 1073 2108 1
1099 2052 1130 2107 et
1154 2052 1176 2108 2

155 2136 340 2213 prooemium
363 2157 457 2213 usque
481 2139 884 2198 011015οΚωνοταντῑνον
907 2136 959 2197 τὸν
982 2158 1010 2214 p.
1031 2140 1117 2212 4,19
1143 2140 1177 2197 01

154 2227 229 2285 10110
254 2229 316 2287 175
345 2246 440 2302 usque
468 2227 506 2285 ad
531 2230 595 2287 180
622 2229 722 2286 loeum
748 2228 818 2285 inde
846 2246 864 2285 0
890 2224 941 2286 καλ
968 2225 1007 2303 δὴ
1036 2224 1178 2305 μανέντες

155 2337 183 2392 p.
204 2317 278 2389 378,
299 2318 339 2374 22
364 2335 457 2391 usque
477 2316 514 2375 ad
533 2316 713 2391 καταλείψας
731 2316 783 2377 τὸν
802 2313 895 2389 ὅντως
917 2338 946 2392 p.
967 2318 1041 2391 396,
1061 2321 1079 2374 5
1105 2335 1176 2375 con-

155 2406 284 2464 tinentia
311 2406 407 2464 multo
439 2408 602 2465 recentiore
633 2426 725 2465 manu
758 2406 892 2465 adhibito
924 2406 1002 2464 libro
1030 2405 1127 2465 codici
1152 2406 1181 2465 0

155 2512 300 2568 perquam
324 2494 417 2553 simili
435 2496 546 2569 scripta
565 2497 641 2554 sunt.
684 2495 770 2553 Folia
792 2498 853 2555 175
873 2515 969 2571 usque
992 2495 1031 2554 ad
1056 2496 1119 2554 180
1143 2495 1177 2553 in

154 2582 254 2641 locum
277 2583 388 2658 perditi
416 2585 620 2658 quaternionis
649 2589 859 2644 suecessenmt.
905 2584 978 2643 Post
999 2584 1108 2643 folium
1131 2586 1174 2643 43

155 2672 261 2730 folium
286 2675 435 2732 exsectum
458 2676 503 2732 est
526 2692 585 2732 non
608 2673 818 2748 substitutum,
845 2693 913 2732 cum
935 2674 1017 2732 locus
1039 2673 1179 2750 perditus

156 2761 217 2819 alio
241 2759 362 2838 Georgii
384 2762 460 2820 libro
479 2781 539 2821 non
560 2764 758 2821 contineatur.
799 2761 1035 2831 Quaternionum
1057 2764 1177 2821 numeri

157 2850 229 2909 olim
253 2851 414 2925 antequam
441 2852 495 2909 illa
518 2852 592 2909 folia
616 2852 788 2911 exciderunt
816 2852 961 2927 adscripti
985 2852 1093 2911 docent
1115 2851 1177 2910 duo

156 2942 275 2999 tantum
307 2940 380 2998 folia
411 2941 499 2999 initio
529 2942 660 3015 periisse.
711 2940 824 2999 Deerat
854 2941 948 3019 igitur
978 2940 1056 3000 libro
1086 2940 1178 2999 index

157 3031 298 3104 capitum.
326 3028 475 3088 Prooemii
488 3030 575 3088 initio
591 3050 609 3089 a
622 3030 751 3089 secunda
764 3049 856 3088 manu
869 3028 1000 3105 praefixo
1019 3030 1176 3105 inscriptio

158 3121 255 3178 exstat
273 3117 424 3198 Χρονιτὸν
443 3118 591 3196 σύντομον
609 3116 642 3179 ἐκ
665 3116 820 3197 διαφόρων
842 3117 1058 3199 χρονογράφων
1075 3139 1105 3177 τε
1124 3116 1176 3177 καὶ

157 3204 306 3286 ἐξηγητῶν
334 3203 470 3287 συλλεγὲν
498 3204 546 3267 καὶ
578 3205 722 3268 συντεθὲν
744 3205 803 3268 ὑπὸ
826 3207 977 3287 Γεωργίου
999 3204 1175 3285 ἆμαρτωλοῦ

158 3304 298 3374 μοναχοῦ.
334 3294 480 3377 πρόλογος
497 3306 637 3377 χρονικης
651 3296 788 3375 ἱστορίας.
825 3298 984 3372 Repetitur
1002 3316 1038 3355 ea
1055 3300 1177 3373 praeter

157 3385 265 3443 ultima
296 3387 356 3444 tria
387 3386 480 3445 verba
512 3389 581 3445 ante
612 3388 713 3462 ipsum
739 3388 862 3445 textum.
908 3386 988 3445 Ante
1011 3406 1039 3461 p.
1059 3388 1113 3459 43,
1134 3388 1174 3445 13

158 3476 289 3549 spatium
317 3479 418 3549 vacat,
446 3476 601 3552 inscriptio
628 3496 689 3533 non
717 3478 822 3534 exstat.
867 3475 1014 3534 Ultimum
1042 3477 1074 3533 in
1097 3475 1175 3534 libro

135 3640 141 3657 Ι
159 3565 204 3623 001
225 3564 385 3639 imperium
410 3565 597 3625 Constantini
622 3564 812 3641 Oopronymi,
837 3565 916 3640 quod
937 3568 1040 3623 tamen
1062 3565 1094 3621 in
1116 3564 1176 3623 tine
