2617 3909
207 217 272 282 250
521 218 707 271 mmor
725 218 909 271 MONAXOT

206 367 332 448 θρήνων
367 365 418 428 καλ
450 364 589 448 ὀδυρμῶν
621 364 697 440 ἀξια.
742 375 806 438 πῶς
838 364 871 428 δὲ
901 366 939 429 ού
971 376 1031 428 τῶν
1063 369 1219 449 μεγίστω

206 467 283 546 τείχη
315 463 550 545 κατεσκαμμένα,
579 465 665 538 πόλις
691 462 897 545 ηδαφισμένη,
924 463 1055 547 ἁγίασμα
1082 472 1220 550 τιαθηρη

206 562 306 642 μένον,
329 561 510 641 ἀναθήματα
532 560 725 642 σεσυλημένα,
750 562 839 635 πόδες
862 560 982 643 βέβηλοι
1004 561 1056 624 κοιλ
1078 569 1172 644 χεῖρες
1193 565 1223 625 οῖ

205 657 258 739 μέν
285 666 346 733 τοῖς
373 658 494 741 ἀβάτοις
521 659 743 740 έμβατεύοντες,
773 660 809 721 αλ
833 658 866 722 δέ
892 659 943 721 ιιαλ
969 670 1029 721 τῶν
1054 660 1219 739 ἀψαύστων

178 767 441 839 οιιατατρυφῶσαι,
464 767 616 839 προφῆται
639 767 787 839 σιγῶντες,
810 759 896 840 ἱερεῖς
918 757 1068 839 ἀγόμενοι,
1092 762 1218 842 πρεσβῦ-

204 878 251 916 ται
283 855 323 934 μὴ
351 855 532 936 έλεούμενοι,
564 854 711 937 παρθένοι
741 856 1009 939 καθυβριζόμεναι,
1040 856 1149 936 νεότης
1174 859 1217 918 πί-

106 969 145 1008 1⁷9
158 967 190 1006 M·
203 970 327 1033 πτουσοι,
355 963 414 1035 πῦρ
438 953 589 1035 ἀλλότριον
611 952 663 1014 τιαλ
684 952 836 1035 πολέμιον,
858 954 980 1033 αἵματος
1002 954 1133 1034 ποταμοὶ
1156 954 1217 1016 ἀντὶ

203 1059 256 1112 τοῦ
277 1049 361 1114 ὁσίου
379 1051 474 1135 πυρὸς
496 1051 546 1113 ιιαλ
566 1052 700 1132 αἳματος,
718 1054 886 1134 Ναζηραῖοι
903 1051 1149 1133 κατασυρόμενοι,
1170 1052 1217 1114 καὶ

204 1149 253 1210 ἵνα
280 1149 309 1224 ἐξ
337 1149 436 1212 αὐτῶν
463 1151 535 1212 εἴπω
563 1173 590 1211 τι
616 1159 676 1210 τῶν
702 1159 756 1212 τοῦ
773 1145 915 1231 Ἱερεμίου
942 1150 1081 1230 θρήνων·
1105 1151 1140 1212 ολ
1158 1150 1218 1212 υἱοὶ

164 1272 189 1311 ιο
203 1246 287 1309 Σιὼν
314 1249 347 1309 ολ
370 1249 462 1327 τίμιοι
487 1247 538 1310 καλ
565 1244 783 1326 ἀντιτιθέμενοι
805 1249 929 1334 χρυσίφ,
952 1248 984 1309 οῖ
1004 1247 1149 1330 τρνφερολ
1170 1248 1217 1309 ιιαλ

202 1356 303 1408 κακῶν
340 1345 468 1421 ἀπαθεῖς
505 1344 593 1425 ξένην
626 1344 699 1408 δδδν
736 1343 897 1418 ὁδεύοντες.
941 1346 1003 1406 καί·
1037 1342 1104 1406 δδολ
1136 1345 1217 1408 Σιὼν

202 1449 370 1505 πενθούσαι
392 1442 473 1525 παρὰ
494 1442 527 1504 τὸ
551 1441 592 1522 μή
615 1437 691 1504 εἶναι
714 1443 784 1517 τοὺς
810 1442 1007 1524 ἑορτάζοντας.
1052 1442 1105 1504 ιιαλ
1128 1451 1219 1528 μικρῷ

202 1542 259 1623 πρὸ
282 1542 407 1603 τούτων’
435 1546 527 1622 χεῖρες
549 1550 701 1621 γυναικῶν
724 1539 919 1622 οίιιτιρμόνοεν
948 1540 984 1602 ού
1006 1541 1127 1622 τροφὴν
1155 1540 1216 1623 ὀρέ-

202 1656 307 1720 γουσαι
330 1637 453 1717 τέκνοις,
476 1647 528 1718 τῆς
550 1640 722 1721 πολιορκίας
745 1638 968 1719 ἐπικρατούσης,
992 1633 1054 1700 ἀλλ’
1080 1638 1131 1701 ἒπλ
1153 1663 1217 1721 τρο

162 1759 188 1800 ιτ
203 1735 267 1814 φὴν
293 1745 384 1797 ταῦτα
411 1736 628 1817 σπαράττουσαι
659 1737 710 1798 ιιαλ
736 1741 824 1816 λιμοῦ
852 1737 1012 1818 φάρμακον
1039 1736 1077 1798 τὰ
1104 1737 1217 1799 έαατῶν
1287 1726 1288 1729 ¹

201 1834 378 1913 ποιούμεναι
400 1835 531 1912 φίλτατοι.
576 1844 640 1908 πῶς
663 1834 701 1896 ού
724 1835 807 1895 δεινὰ
829 1844 921 1896 ταῦτα
942 1833 993 1896 τιαλ
1015 1833 1093 1915 πέρα
1110 1836 1217 1898 δεινῶν

201 1931 238 1994 ού
261 1939 322 2006 τοῖς
344 1933 488 2014 πάσχουσι
511 1933 574 1995 τότε
597 1933 701 2013 μόνον,
724 1931 797 1994 ἀλλὰ
814 1931 865 1995 ιιαλ
882 1938 944 2006 τοῖς
961 1941 1019 1994 νῦν
1038 1932 1215 2010 ἀιιούουσινς

200 2029 250 2092 καὶ
272 2040 364 2092 ταῦτα
386 2029 440 2111 μέν
463 2029 525 2093 ὡδί.

267 2131 407 2191 Γίνονται
434 2122 489 2191 οὖν
517 2127 594 2208 ὁμοῦ
620 2138 681 2190 τῶν
708 2128 740 2190 ἐν
760 2122 950 2211 Ἰερουσαλὴμ
977 2130 1216 2208 βασιλευσάντων

160 2250 187 2289 εο
200 2225 259 2290 ἀπὸ
281 2226 382 2289 Δανλδ
408 2225 464 2301 ἕως
486 2227 629 2289 Σεδειιίου
657 2226 693 2288 τδι
719 2227 771 2307 έτη
793 2221 875 2307 ν9η’,
899 2228 931 2288 ολ
950 2224 983 2288 δέ
1005 2229 1137 2308 βασιλεῖς
1159 2227 1215 2289 ὑπ

200 2334 291 2406 ἦρχον
313 2325 365 2387 τὸν
387 2323 519 2406 ἀριθμόν
541 2321 604 2405 νβ’,
626 2325 734 2398 πάντες
757 2323 790 2387 δέ
812 2324 842 2399 έξ
865 2323 932 2397 ἕνδς
953 2322 1089 2405 έγένοντο
1110 2324 1215 2407 γένους
1285 2338 1286 2355 ’

199 2433 252 2484 τού
283 2423 390 2496 Λαυίδ.
436 2418 486 2502 ἐφ’
521 2414 564 2484 ὧν
596 2414 673 2501 ἦσαν
704 2421 755 2484 καὶ
786 2432 939 2503 προφῆται
972 2423 1046 2484 οἵδε·
1080 2423 1129 2485 έπλ
1162 2422 1214 2503 μὲν

199 2520 303 2581 Σαούλ
328 2519 428 2582 Δανλδ
454 2519 504 2581 καὶ
531 2520 691 2601 Σαμουηλ,
720 2519 770 2583 ἐπὶ
796 2518 829 2582 δέ
856 2519 955 2582 Λαυὶδ
981 2520 1061 2601 Γάδ,
1089 2522 1214 2600 Νάθαν,

196 2612 306 2697 Ἀσάφ,
338 2617 387 2681 έπλ
416 2616 449 2679 δὲ
478 2622 673 2698 Σολομῶντος
699 2617 750 2680 ιιαλ
777 2628 836 2680 τῶν
864 2615 924 2698 μετ’
954 2618 1047 2681 αύτδν
1072 2614 1172 2700 Ἀχλας
1198 2619 1213 2681 δ
1284 2642 1285 2655 ’

270 2821 286 2869 9
305 2815 406 2871 Thren.
421 2822 446 2883 4,
462 2823 486 2870 2.
507 2848 540 2856 —
561 2823 593 2871 11
613 2816 714 2872 Thren.
731 2823 755 2883 1,
770 2822 795 2870 4.
814 2849 850 2858 -
870 2822 902 2870 13
921 2816 1123 2885 Thren.4,10.

271 3000 284 3047 1
305 2994 352 3048 καλ
367 2993 497 3064 ὀδυρμῶν
511 3012 561 3050 om.
579 2994 659 3050 codd.
709 3001 782 3050 aeter
794 2994 988 3066 APV(Greg.).
1004 3025 1039 3035 -—
1058 3000 1075 3048 4
1094 2996 1144 3050 ταλ
1162 3013 1212 3050 οτι.

198 3064 254 3118 FN.
275 3097 308 3106 -—
332 3071 348 3120 8
368 3070 506 3133 ναζιραῖοι
524 3065 598 3120 FRV
620 3073 645 3121 et
685 3066 746 3121 oisl.
769 3068 808 3121 lit.
827 3085 861 3122 ex
879 3071 972 3135 ναζηρ.
997 3097 1031 3106 -
1056 3072 1142 3121 θτού
1163 3084 1211 3121 οτι.

197 3135 280 3190 DHP
290 3136 372 3208 (ἆτος.
391 3168 426 3177 -
451 3143 484 3191 10
507 3135 689 3206 ἀντνθέμενοι
712 3137 864 3194 BCHMR.
887 3170 921 3178 -
946 3142 979 3191 16
998 3135 1120 3205 φίλτατα
1138 3137 1213 3191 APV

198 3207 279 3278 Greg.
303 3206 525 3277 προσφιλέστατοι
543 3208 603 3263 rell.
623 3240 658 3248 —
678 3213 710 3262 18
730 3210 884 3263 καὶταῦτα
903 3207 953 3279 μὲν
972 3205 1024 3262 ὡδί
1042 3226 1093 3264 ονε.
1110 3209 1163 3264 FP.
1178 3240 1214 3250 -

197 3284 231 3331 23
251 3280 282 3333 δὲ
296 3295 346 3334 om.
362 3279 442 3334 codd.
454 3287 563 3349 praeter
576 3279 651 3332 ABP
667 3279 713 3334 έπλ
727 3277 813 3336 δαυίδ
826 3299 855 3334 τε
869 3280 901 3334 Α.
917 3312 951 3321 -
967 3285 1000 3334 24
1014 3279 1093 3349 άσάφ
1109 3281 1159 3334 FN
1166 3281 1213 3334 PR

197 3355 222 3402 et
235 3348 317 3403 Coisl.
333 3351 373 3403 lit.
387 3367 421 3404 ex
439 3349 561 3419 ἀσαφάτ.
585 3350 700 3419 άταφάτ
713 3351 773 3404 rell.
788 3382 824 3391 -
838 3352 868 3407 δὲ
883 3367 933 3406 ονε.
945 3351 1025 3406 codd.
1035 3359 1146 3420 praeter
1155 3352 1212 3406 PR.

227 3589 233 3608 Ι
271 3528 302 3574 12
322 3524 421 3610 μιιμρὸν
435 3525 549 3594 PGreg.
565 3556 598 3565 -
620 3530 651 3578 16
666 3525 739 3594 πέρα
753 3528 849 3582 δεινὸν
863 3528 892 3581 Ρ.
909 3559 943 3568 -
963 3533 1066 3582 19-21
1082 3531 1213 3601 βασιλευ-

199 3605 307 3645 σαντιον
321 3594 357 3663 ιιβ
387 3594 444 3648 άπὸ
463 3595 637 3649 δαυλδ-τδι
658 3597 703 3666 ἔτη
722 3596 798 3666 υ9η’.
831 3598 858 3652 ολ
877 3599 908 3653 δέ
927 3599 1030 3663 πάντες
1048 3599 1079 3665 έξ
1097 3599 1163 3662 ἑνός
1181 3600 1213 3654 Ρ.
1280 3626 1281 3631 ’
