2617 3909
186 211 253 276 202
498 209 686 263 Γοαεοτου
703 211 886 263 αοαειτου

185 362 295 442 λομάν,
319 358 486 438 ἐσοφίσθης
508 358 541 420 λυ
563 358 682 437 νεότητί
702 375 758 420 σου
780 357 831 420 καί
849 358 1036 438 ἐνεπλήσθης
1055 356 1097 431 ὥς
1116 380 1213 420 ποτα-

186 459 241 539 μός
263 455 418 529 συνέσεως.
462 465 521 539 γῆν
544 455 730 534 ἐπεκάλυψεν
753 453 773 536 ἡ
797 459 890 536 σοφία
912 475 983 538 σου,
1008 456 1060 518 καὶ
1083 457 1214 537 ἐνέπληι

87 582 126 622 ιω
139 580 171 621 τι.
186 576 241 631 σας
254 556 288 618 δυ
305 556 489 636 παραβολαῖς
507 554 697 636 αἰνιγμάτων.
729 555 773 628 εἰς
786 554 899 634 νήσους
913 556 1013 636 πόρρω
1027 555 1079 616 καί
1093 556 1214 638 μακρὰς

187 656 284 736 χώρας
311 651 435 731 ἀφίκετό
462 670 518 714 σου
544 653 577 715 ιδ
606 653 817 733 μνημόσυνον,
845 652 895 715 καί
921 651 1088 735 ν’χγαπηθης
1116 653 1152 715 ἐν
1176 663 1212 739 τῇ

159 752 292 835 εείρήνη
316 769 382 830 σου,
405 737 630 836 ᾖκατέπαυσεν
653 749 671 813 δ
692 751 765 824 θεὸς
787 750 945 814 κυκλόθεν.
991 751 1024 813 ἐν
1046 746 1140 836 ᾠδαῖς
1160 751 1213 813 καλ

187 850 360 930 παροιμίαις
385 847 437 910 καί
463 850 647 931 παραβολαῖς
679 846 729 909 καλ
759 847 928 932 ἑρμηνείαις
954 849 1213 930 ἕθαυμαστώθης,

186 946 238 1008 καί
260 947 425 1028 συνηγαγες
447 944 488 1020 ὡς
514 947 694 1029 κασσίτηρον
716 947 749 1009 τὸ
777 948 899 1028 χρυσίον
924 947 975 1008 καλ
997 945 1038 1020 ὡς
1061 948 1212 1028 μόλιβδον

188 1045 364 1124 ἐπλήθυνας
386 1043 538 1127 άργάριον.
584 1043 657 1105 ἀλλὰ
683 1044 895 1128 παρενόκλινας
921 1044 973 1119 τός
997 1045 1128 1127 λαγόνας
1157 1065 1213 1108 σου

186 1143 304 1225 γυναιξί
327 1142 378 1204 καί
399 1142 631 1221 ἕνεξουσιάσθης
653 1142 687 1203 ἐν
709 1149 749 1227 τῷ
770 1144 883 1222 σώματί
904 1161 967 1205 σου.
1014 1143 1129 1217 ἔδωκας
1149 1154 1212 1223 μῶ-

148 1267 175 1307 ιο
189 1265 246 1323 μον
269 1241 303 1303 ἐν
325 1249 360 1327 τῇ
389 1241 462 1326 δόξη
490 1258 546 1303 σου
572 1239 623 1303 καί
650 1238 836 1321 ἐβεβήλωσας
862 1241 895 1305 τὸ
913 1239 1034 1322 ,σπέρμα
1056 1259 1114 1303 σου
1137 1243 1211 1305 ἐπα-

189 1346 292 1422 γαγεῖν
315 1337 408 1422 ὀργὴν
431 1337 480 1402 ἐπί
501 1336 647 1401 τὰτέκνα
670 1355 734 1400 σου.
771 1339 808 1401 οό
829 1339 890 1420 μην
908 1337 941 1401 δὲ
959 1337 1101 1401 ἀλλὰκαὶ
1119 1340 1212 1413 αὐτὸς

190 1433 231 1500 δι’
257 1437 364 1499 ἑαυτοῦ
386 1436 554 1516 σαφέστατα
576 1435 644 1519 περί
667 1445 720 1515 τῆς
742 1436 821 1510 ίδίας
844 1438 953 1515 σοφίας
975 1437 1026 1498 καί
1043 1447 1099 1500 τοῦ
1117 1438 1211 1500 πλού-

190 1560 245 1598 του
276 1538 384 1615 φησίν·
413 1535 478 1615 ἐμοὶ
506 1534 540 1597 δὲ
565 1533 626 1619 δρόη
655 1533 672 1597 δ
699 1534 772 1608 θεὸς
793 1534 868 1596 κατὰ
894 1537 1017 1617 γνώμην
1039 1535 1135 1597 εἰπεῖν
1163 1535 1213 1598 καί

189 1633 406 1712 ἐνθυμηθῆναι
428 1631 518 1706 ἀξίως
540 1643 600 1694 τῶν
618 1631 795 1715 λεγομένων,
818 1633 863 1695 ότι
885 1632 976 1707 αότδς
995 1633 1012 1696 ό
1030 1634 1136 1715 κύριος
1159 1633 1210 1696 καί

148 1754 176 1795 τε
190 1740 244 1811 τῆς
266 1731 375 1808 σοφίας
398 1727 507 1811 δόηγός
529 1729 590 1792 ἐστι
612 1731 663 1791 καὶ
685 1741 745 1792 τῶν
765 1741 870 1810 σοφῶν
888 1732 1064 1813 διορθωτης.
1101 1733 1136 1795 δν
1154 1733 1210 1816 γάρ

189 1827 261 1910 χειρὶ
284 1827 377 1889 αὐτοῦ
400 1826 450 1889 καί
477 1825 562 1907 ἡμεῖς
584 1828 635 1890 καὶ
662 1831 694 1890 οἱ
719 1828 801 1910 λόγοι
824 1826 918 1910 ἡμῶν.
965 1830 1054 1903 αὐτὸς
1076 1831 1134 1912 γάρ
1158 1853 1210 1910 μοι

190 1925 300 1988 δέδωκε
331 1935 391 1988 τῶν
422 1923 518 1988 όντων
549 1925 604 2006 τὴν
635 1936 748 2007 γνῶσιν
780 1926 899 2008 ἀψευδῆ
930 1927 1039 1990 είδίναι
1067 1929 1210 1990 σύστασιν
1292 1919 1293 1922 ¹

189 2024 303 2105 κόσμου
325 2022 375 2085 καί
397 2024 544 2106 ἐνεργείας
566 2026 731 2105 στοιχείων,
756 2024 851 2107 ἀρχὴν
874 2024 924 2087 καί
946 2025 1026 2100 τέλος
1048 2024 1099 2087 καί
1124 2027 1210 2106 μεσό
1291 2007 1293 2054 f

189 2147 261 2203 τητα
283 2123 409 2205 χρόνων,
431 2133 549 2205 τροπῶν
569 2122 698 2205 ἀλλαγὰς
715 2121 765 2184 καί
783 2123 945 2204 μεταβολὰς
963 2125 1088 2206 χρόνων,
1107 2125 1209 2187 ἐνιαυ-

148 2245 176 2286 εο
189 2232 250 2284 τῶν
273 2221 402 2294 κύκλους
424 2220 475 2282 καί
497 2219 627 2302 ἀστέρων
650 2220 759 2301 θέσεις,
782 2221 888 2300 φύσεις
911 2221 994 2295 ζώων
1016 2222 1067 2284 καί
1087 2223 1209 2302 θυμοὺς

190 2320 319 2400 θηρίων,
342 2319 519 2398 πνευμάτων
541 2321 609 2400 βίας
631 2319 682 2380 καί
705 2319 914 2400 διαλογισμοὺς
936 2319 1120 2401 ἀνθρώπων,
1144 2322 1209 2382 δια-

190 2417 288 2498 φορὰς
311 2427 414 2496 φυτῶν
437 2415 487 2478 καλ
510 2418 652 2497 δυνάμεις
675 2418 778 2499 ῥιζῶν,
807 2417 862 2478 ὅσα
884 2416 914 2480 τέ
937 2417 997 2479 ἐστι
1019 2418 1136 2500 κρυπτὰ
1158 2419 1209 2480 καί

190 2515 310 2595 ἐμφανῆ
335 2515 438 2596 ἔγνων.
476 2514 492 2577 δ
515 2515 571 2597 γὰρ
593 2517 715 2578 πάντων
737 2517 868 2596 τεχνίτης
891 2515 1007 2591 ἒδίόαξέ
1029 2539 1063 2596 με
1087 2518 1206 2595 σοφίαν.

189 2614 254 2674 καί·
278 2611 335 2693 ἐγὼ
357 2612 568 2693 ἐκκλησιαστὴς
590 2613 735 2695 ἐγενόμην
758 2612 896 2694 βασιλεὺς
910 2608 1026 2695 Ἰσραὴλ
1048 2613 1081 2676 ἐν
1100 2608 1208 2697 Ἰερου-

263 2799 297 2846 13
317 2791 536 2863 Sap.‘1‚lbsqq.
556 2823 590 2833 —-
610 2797 645 2847 24
664 2793 930 2861 Eccles.1,12;·13.
979 2823 982 2828 ·

263 2945 397 3069 31ὧοᾱὲ
400 2944 555 3069 χχᾱκεᾶςΡ
577 2947 671 3017 χώρας
689 2963 739 3001 om.
760 2944 791 2999 G.
817 2977 850 2986 -
875 2935 940 3018 όῇ]
960 2941 978 3015 ἢ
996 2943 1082 3000 GLM,
1103 2977 1136 2986 -
1160 2947 1207 3001 γρ.
1291 2941 1292 2982 λ

187 3014 430 3166 κακλοόῖτόχόοῖάδδθ
448 3085 612 3158 κασσίτερον
625 3089 658 3142 R.
669 3120 705 3129 -
718 3087 859 3213 μόλρβδον
874 3087 990 3142 GLNR.
1003 3121 1039 3129 -
1053 3093 1069 3142 8
1083 3088 1206 3159 άρχυρον

91 3209 95 3216 .
190 3160 271 3215 codd.
287 3166 398 3230 praeter
416 3157 473 3212 BP.
498 3191 531 3200 -
555 3157 756 3229 παρενόκλινοις
818 3165 844 3214 et
861 3165 926 3214 πολ
950 3165 982 3214 ut
1004 3161 1058 3214 vid.
1082 3177 1151 3216 corr.
1173 3178 1206 3216 ex

189 3230 379 3299 παραυέκλ.Β
397 3230 607 3299 παραυόκλινας
624 3231 646 3284 Ρ
666 3229 836 3300 παρέκλινας
854 3229 914 3286 rell.
935 3262 967 3271 -
989 3233 1004 3285 9
1024 3229 1207 3301 ἐξουσιάσόης

190 3302 257 3356 ΜΒ.
273 3334 307 3342 -
326 3302 374 3355 καλ
389 3301 496 3363 ἔδωκας
512 3302 592 3356 οοδδ.
602 3307 714 3370 χιτωνίου
726 3302 813 3357 BGP.
829 3335 864 3344 -
884 3308 917 3356 19
935 3311 1088 3371 τροπῶυ-
1098 3301 1206 3373 χρόνων

190 3391 242 3428 om.
262 3371 348 3437 CFL3
371 3374 403 3425 ιἰι
421 3372 447 3425 R
465 3379 529 3442 post
551 3372 669 3437 κύκλους
691 3375 832 3428 insertum.
856 3405 891 3414 -
915 3379 948 3427 23
967 3373 1206 3446 η-τεχνήτις-

192 3440 279 3511 σοφία
298 3443 319 3495 L
338 3459 372 3496 ex
391 3442 455 3513 Sap.
474 3475 510 3483 -
529 3449 563 3496 24
583 3443 613 3498 ἐν
631 3460 681 3498 om.
697 3444 755 3498 BF.

447 3017 634 3073 τωκλάιδευΡ
662 3017 807 3073 κυκλῶθευ
825 3015 862 3072 Μ.
892 3049 926 3056 -
955 3023 970 3070 ‘1
994 3016 1207 3087 κασσήτηρουΡ

265 3596 281 3643 6
301 3592 476 3661 παραβολαῖς
493 3611 522 3646 τε
541 3593 589 3646 καλ
607 3592 637 3646 Ρ.
