2617 3909
535 263 740 315 ΠΡΟΛΟΓΟΣ
1121 262 1142 324 3

132 410 310 492 ἀπεριέργως
337 409 387 471 καὶ
413 411 510 489 πάσης
537 410 662 489 διπλόης
688 409 737 471 καί
764 411 955 495 ῥᾳδιουργίας
982 409 1145 491 ἐλευθέρως

132 508 317 590 έντυγχάνων
344 508 477 571 ἐνταῦθα
505 504 545 569 δι’
567 506 674 590 ὀλίγων
700 508 753 581 τὰς
779 519 839 570 τῶν
865 509 995 571 εἰδώλων
1016 506 1144 590 εὑρέσεις

132 605 180 667 καί
205 605 373 687 ἀνατροπὰς
395 605 534 687 ἐντέχνως
556 605 606 667 καλ
628 605 879 687 ἐπιτετευγμένως,
902 606 954 679 τὰς
975 616 1035 667 τῶν
1057 611 1143 684 φιλο-

131 704 235 783 σόφων
252 699 404 783 Ἑλλήνων
424 703 584 784 έρεσχελίας
602 703 651 765 καί
671 706 894 782 μυθοπλαστίας
912 703 961 765 καλ
979 705 1141 785 θρησκείας

130 802 171 864 ἔτι
194 801 244 863 καί
267 801 469 881 ἀσυμφώνους
491 802 702 883 τερατολογίας,
723 801 776 875 τάς
799 802 953 884 διαφόρων
973 801 1074 863 έδνῶν
1091 801 1168 863 δό-5

131 901 182 974 ξας
208 899 258 961 καλ
286 903 449 973 πολυθεΐας
476 898 496 980 ή
525 904 635 979 μᾶλλον
658 900 751 961 εἰπεῖν
773 899 878 973 άθεΐας
900 898 950 960 καί
972 901 1143 980 κακονοίας,

129 1007 193 1071 πῶς
215 1020 244 1059 τε
268 995 287 1077 ή
311 1006 369 1059 τῶν
392 1007 529 1078 μοναχῶν
551 994 660 1078 ήρξατο
683 998 814 1079 διαγωγή
836 996 886 1058 καλ
909 998 990 1071 τάξις
1011 997 1142 1061 ἀπὸτοῦ

130 1094 226 1174 νόμου
252 1094 302 1156 καλ
329 1095 379 1157 διδι
404 1106 458 1176 τῆς
480 1100 611 1176 Χριστοῦ
639 1096 821 1177 παναρίστου
847 1096 993 1168 πολιτείας
1019 1095 1069 1156 καλ
1096 1097 1141 1156 δι-

130 1192 290 1266 δασκαλίας
317 1192 487 1275 ὑψηλοτέρα
513 1192 563 1254 καλ
590 1191 768 1274 φαιδροτέρα
794 1192 844 1254 καί
873 1192 1035 1273 πλατυτέρα
1065 1193 1142 1271 μάλα

129 1290 247 1364 εἰκότως
274 1290 481 1371 ἀναπέφηνεν,
511 1289 561 1351 καί
588 1288 661 1351 άλλα
683 1295 801 1352 πλεῖστα
822 1290 873 1352 ιιαλ
896 1291 1026 1371 διάφορα
1047 1307 1141 1369 σονιη-
1156 1310 1182 1349 10

130 1389 197 1469 ρίαν
225 1398 335 1469 ψυχῶν
359 1388 557 1471 εὐγνωμόνων
583 1386 633 1449 καί
661 1385 833 1469 όρδοδόξων
855 1385 1002 1449 ὠδίνοντα
1023 1386 1073 1448 καί
1096 1388 1140 1448 δι-

130 1486 277 1547 δάσκοντα
299 1484 348 1547 καὶ
371 1486 544 1566 φωτίζοντα,
567 1484 604 1547 οό
628 1486 688 1565 μήν
711 1484 744 1548 δέ
766 1484 838 1547 ἀλλά
859 1485 910 1547 καλ
932 1486 988 1565 τήν
1009 1485 1141 1564 ἔκφυλον

129 1583 179 1645 καί
207 1589 355 1665 θεοστνγή
383 1606 412 1646 τε
440 1583 490 1644 καί
516 1581 709 1664 παμβέβηλον
734 1593 793 1644 τῶν
815 1584 997 1665 Μανιχαίωυ
1019 1583 1142 1664 λόσσαν,

128 1677 184 1759 ἀφ’
209 1672 246 1759 ής
273 1680 371 1763 ὥσπερ
398 1680 430 1743 έτι
456 1704 535 1755 τινος
558 1686 724 1755 λυσσῶντος
745 1681 837 1755 κυνός
858 1682 914 1761 τήν
936 1683 1090 1762 αἰσχίστην
1111 1704 1141 1743 τε

128 1778 178 1839 καί
205 1780 343 1840 κάκιστον
371 1784 563 1859 μετειληφυῖα
588 1780 681 1842 νόσον
708 1778 825 1857 ἀνεφάη
852 1777 873 1859 ή
899 1788 958 1841 τῶν
983 1779 1140 1859 ἀλιτηρίων
1154 1798 1180 1839 ιο

1 1960 2 1971 ρ
128 1875 178 1937 καὶ
201 1876 388 1957 κακοσχόλων
410 1876 610 1958 εἰκονομάχων
632 1876 828 1957 έμβρόντηιος
850 1877 969 1958 αἵρεσις,
993 1877 1043 1939 καλ
1066 1877 1141 1939 ὅθεν

129 1973 279 2055 ἀνωήρξατο
302 1974 352 2035 καὶ
374 1984 434 2037 ποῦ
457 1974 620 2055 κατέληξεν,
643 1975 708 2053 ήτις
730 1996 763 2055 γε
780 1976 850 2048 τοὺς
867 1976 1030 2057 προστάτας
1047 1974 1140 2054 αάτής

128 2070 178 2132 καὶ
202 2073 375 2153 συνίστορας
397 2071 567 2153 ἀλλοτρίους
584 2072 618 2135 έκ
640 2073 810 2154 περιουσίας
832 2082 885 2152 τῆς
905 2070 1072 2153 όρθοδόξου
1090 2073 1139 2133 πί-

128 2187 217 2242 στεως
239 2170 444 2249 καταστήσασα
466 2170 523 2231 σάν
545 2177 607 2244 τοῖς
630 2168 795 2251 δμόφροσιν
813 2170 912 2232 αὐτῶν
929 2170 1060 2248 έκδήλως
1077 2170 1139 2248 άμα
1152 2181 1165 2220 ³
1177 2177 1209 2217 E

35 2304 41 2319 ·
127 2265 177 2327 καί
200 2266 236 2327 τδι
259 2267 371 2329 τούτων
394 2268 546 2349 ληρήματα
568 2266 618 2329 καλ
641 2268 812 2348 βληχήματα
834 2277 886 2347 τῆς
908 2266 1071 2328 ἀδεκάστου
1093 2267 1138 2327 δί-
1153 2286 1179 2325 ευ

126 2386 182 2443 κης
212 2364 405 2438 ὑπευθύνους
435 2364 484 2426 καλ
514 2364 650 2438 ἐνδίκους
679 2360 717 2448 (ἀ
746 2374 799 2444 τῆς
827 2363 942 2444 ἀπάτης
968 2363 1017 2425 καί
1044 2386 1138 2445 παρα-

127 2462 251 2541 πληξίας
279 2471 339 2523 τῶν
368 2462 628 2543 πεφενακισμένων
655 2462 705 2524 καλ
732 2457 974 2546 ματαιοφρόνων)
1004 2461 1139 2543 ἀπέφηνε

126 2561 235 2639 κομιδή
259 2559 308 2621 καλ
331 2567 370 2639 τῷ
394 2561 505 2645 αἰωνίῳ
528 2560 601 2642 πυρί
623 2558 830 2642 παρέπεμψεν,
857 2560 913 2638 τήν
935 2583 965 2622 τε
987 2571 1046 2622 τῶν
1068 2559 1139 2623 ἀτα-

127 2658 250 2719 σθάλων
267 2657 317 2719 καὶ
335 2657 532 2746 κακοφρόνων
546 2663 735 2739 Σαρακηνῶν
751 2657 964 2740 καταγέλαστον
983 2659 1073 2732 δόξαν
1088 2659 1139 2721 καί

127 2755 181 2833 τήν
213 2756 351 2835 κτηνάδη
384 2756 462 2836 ζωήν
493 2754 543 2817 καλ
574 2754 673 2835 μέντοι
701 2755 751 2817 καλ
780 2757 836 2836 τήν
864 2757 1056 2819 διδασκαλίαν
1085 2768 1138 2820 τοῦ
1153 2778 1179 2818 τε

127 2852 295 2915 λαοπλάνου
323 2854 577 2935 ψευδοπροφήτου
605 2854 705 2916 υάτῶν
731 2852 781 2915 καί
808 2854 882 2916 ὅθεν
908 2865 1006 2928 κακῶς
1032 2854 1138 2917 ἀναδέ-

126 2950 246 3030 δεικται,
271 2950 321 3011 καλ
344 2951 418 3032 πρὸς
439 2952 554 3025 τούτοις
576 2951 631 3032 τήν
654 2961 708 3013 τοῦ
730 2949 866 3033 γέροντος
892 2955 984 3033 Θωμᾶ
1005 2975 1138 3032 νεωτερι-

126 3053 251 3109 σθεῖσαν
278 3048 466 3130 παιδοπρεπῆ
490 3050 753 3131 ματαιυφροσόνην
775 3072 804 3111 τε
827 3050 876 3111 καλ
899 3052 1065 3131 παράνοιαν
1088 3049 1137 3111 καί

125 3145 180 3224 τήν
205 3144 349 3227 ἀργαλέαν
372 3146 579 3227 καταστροφήν
602 3157 654 3209 τοῦ
678 3148 847 3209 παναθλίου
870 3147 920 3209 καλ
942 3148 1137 3227 ταλαιπώρου.

198 3359 212 3407 1
231 3351 384 3423 περιέργως
401 3352 427 3406 N
446 3369 514 3409 corr.
533 3354 564 3408 in
583 3354 615 3407 D.
636 3386 669 3395 -
689 3355 836 3421 ἐλεύθερος
853 3352 957 3407 C'L‘N.
978 3384 1011 3393 -
1032 3359 1047 3406 3
1066 3354 1137 3408 άνα-

125 3423 232 3493 τροφὰς
258 3423 291 3478 V.
320 3455 354 3465 -
383 3424 595 3495 έιιιτετευμέυως
618 3424 679 3479 ΟἮ
707 3422 921 3494 ἐπιτεταγμένος
943 3425 969 3477 R
996 3425 1136 3497 ἐπιτεταγ-

126 3493 213 3563 μένως
228 3493 272 3549 Ia'.
292 3526 326 3537 -
346 3494 520 3567 φιλοσόφων]
540 3494 707 3566 μυθολόγων
720 3496 753 3549 Ν.
775 3526 808 3536 -
828 3501 843 3548 9
862 3494 1022 3565 ὑψηλοτέρα
1039 3498 1135 3551 τεκαὶ

127 3564 193 3620 ΟἯ.
214 3598 248 3607 -
269 3573 302 3621 15
321 3566 450 3629 κάκιστος
467 3583 537 3621 rece.
557 3567 673 3637 quidam
692 3564 825 3635 κακίστην
843 3566 879 3619 L’
896 3574 922 3621 et
938 3582 1008 3621 rece.
1024 3567 1081 3620 alii.
1102 3598 1135 3606 -

126 3636 143 3706 ή
163 3653 212 3692 om.
233 3636 332 3691 C¹NR.
352 3668 385 3678 -
405 3644 438 3692 2⁷
458 3640 507 3693 καὶ
525 3638 576 3708 τήν
595 3637 631 3691 V:-

942 3725 975 3779 1*
