2617 3909
181 245 225 310 34
494 248 681 302 rmPrlo'r
698 250 881 303 ΜΟΝΔΧΟΤ

180 393 232 457 καλ
258 395 300 469 είς
318 396 472 478 Αίγυπιον
494 395 593 458 ἐλθὼν
614 394 665 457 καλ
687 396 742 476 τὴν
765 398 895 478 μεγάλην
910 391 1131 481 Ἀλεξάνδρειαν
1153 401 1200 474 εἰς

180 494 214 556 τδ
237 495 317 557 ἰ’διον
337 494 438 567 κτίσας
460 491 556 574 ύνομα
577 494 668 555 πύλιν
690 492 872 576 ύπίστρεψεν
894 495 936 570 είς
957 497 1138 578 Βαβυλῶνα,
1164 497 1199 560 ἐν

182 580 201 678 ᾖ
224 590 275 654 καλ
296 595 413 676 τελευτᾷ
434 589 576 675 ύπύρχων
598 590 672 653 ἐτῶν
694 588 753 672 λβ’,
776 593 952 672 βασιλεύσας
974 593 1025 672 ἔτη
1047 589 1100 674 ιβ’.

247 688 350 751 Πολλὰ
373 687 427 769 μὲν
449 680 506 751 οὖν
527 687 578 751 καλ
595 687 669 750 ἄλλα
687 690 778 772 μυρία
795 689 920 771 τρόπαια
942 689 993 752 καλ
1012 691 1199 772 δυσδιήγητα

153 786 232 850 ικαλ
253 787 343 869 λόγον
364 786 582 870 ὑπερβαίνοντα
603 787 765 869 εἰργάσατο.
810 786 861 849 καλ
888 787 938 849 διὰ
965 798 1051 850 τοῦτο
1078 789 1198 868 πτηνην

180 886 328 967 πύρδαλιν
350 884 367 948 δ
389 884 546 967 προφήτης
568 884 661 947 αύτδν
684 883 856 967 προβλίπει,
883 885 915 947 τὸ
938 886 1024 966 τύγος
1045 883 1097 947 καλ
1120 904 1197 965 σφο-

179 985 253 1066 δρὸν
280 981 331 1045 καλ
356 982 389 1046 τδ
415 984 551 1064 πετρῶδες
577 982 628 1044 καλ
654 983 687 1047 τὸ
714 980 803 1062 ύίφνω
831 984 991 1062 διαπτῆναι
1015 982 1071 1062 την
1094 983 1197 1046 σι’κου-

180 1081 275 1162 μένην
302 1080 371 1160 μετὰ
397 1082 548 1164 τροπαίων
578 1080 629 1143 καλ
660 1082 747 1160 νίκης
776 1082 1040 1162 προύπεμφαίνων.
1085 1079 1198 1162 λέγεται

180 1177 212 1242 δὲ
235 1179 280 1242 ὅτι
305 1178 356 1241 καλ
382 1179 551 1259 φιλοσόφου
573 1177 656 1252 τινὸς
677 1176 806 1258 ἤκουσεν
831 1177 980 1258 εἰπόντος,
1007 1178 1053 1240 ὅτι
1078 1177 1197 1262 ύπειρσι

139 1279 286 1358 ισκύσμοι
312 1278 399 1340 είσίν·
430 1276 481 1340 καλ
508 1275 581 1360 μέγα
611 1277 750 1351 στενάξας
781 1276 853 1356 ἔφη·
885 1277 913 1338 εἰ
937 1275 1067 1359 ἀπείρων
1100 1276 1198 1340 ὄντων

180 1376 255 1458 μηδὲ
281 1375 348 1451 ἑνὸς
374 1374 431 1458 ἐγὼ
457 1376 629 1457 κεκράτηκα.
676 1375 769 1449 ούτως
791 1366 831 1454 ἦν
855 1374 1049 1456 μεγαλόφρων
1071 1377 1195 1458 μεγαλύ-

179 1475 277 1556 ψνχός
296 1496 325 1536 τε
342 1471 393 1535 καλ
409 1479 555 1556 γενναῖος.
597 1473 672 1535 ὅθεν
689 1471 740 1534 καὶ
757 1482 906 1553 πανταχοῦ
928 1471 1014 1559 ᾔδετο
1035 1473 1086 1536 καλ
1104 1473 1195 1536 ἐδαν-

181 1573 285 1651 μοίζετο
308 1562 431 1651 μάλιστα
453 1570 503 1632 διὰ
521 1570 577 1650 τὴν
595 1571 796 1652 σωφροσύνην
819 1571 911 1633 αὐτοῦ
933 1570 983 1632 καλ
1002 1572 1121 1634 σύνεσιν
1143 1571 1196 1634 καὶ

178 1669 293 1749 πολλὴν
314 1667 469 1750 ἀγχίνοιαν
490 1690 519 1730 τε
542 1667 593 1729 καὶ
615 1669 805 1746 φιλοσοφίαν.
843 1664 1029 1751 Ἀριστοτέλει
1056 1668 1112 1751 γὰρ
1138 1695 1195 1748 μα-

139 1788 166 1830 τι
179 1765 342 1846 θητευύελς
368 1777 467 1828 πᾶσαν
494 1765 617 1848 λογικην
642 1764 807 1845 ἐπιστήμην
834 1766 876 1840 είς
899 1764 991 1849 ύκρον
1017 1766 1194 1848 ἐπαιδεύθη.

179 1864 413 1946 πολεμικώτατος
436 1861 468 1925 δὲ
489 1862 540 1925 καλ
557 1863 770 1945 τολμηρότατος
792 1862 932 1946 ύπύρχων
954 1863 1004 1926 καὶ
1023 1863 1096 1926 ίδδον
1115 1864 1193 1945 δμώ-

178 1986 276 2043 νυμον
303 1961 396 2024 αύτού
423 1962 579 2023 νεανίσκον
605 1961 672 2022 τινὰ
700 1962 802 2036 δειλῶς
831 1961 997 2042 μαχόμενον
1023 1957 1086 2024 εἶπε
1117 1963 1195 2046 πρὸς

179 2061 283 2123 αὐτόν·
315 2058 337 2141 ἢ
363 2059 416 2123 τὸν
443 2059 555 2142 τρύπον
585 2057 726 2139 ύλλαξον,
757 2057 778 2140 ἢ
805 2058 860 2138 την
886 2064 997 2140 κλῆσιν.
1043 2059 1106 2123 ἐπεὶ
1137 2054 1194 2123 οὖν

179 2159 361 2244 σωφροσύνη
393 2163 487 2242 πολλῇ
516 2159 695 2237 διεκοσμεῖτο
727 2155 920 2240 ἐκδηλοτέραν
951 2167 1042 2219 πᾶσιν
1073 2156 1194 2238 ἐποίησε

251 2372 339 2421 5-14
358 2365 499 2434 Chrysost.
514 2365 544 2419 in
557 2363 608 2434 Ep.
623 2365 636 2417 I
650 2364 688 2418 ad
701 2363 796 2419 Thess.
816 2363 897 2419 Hom.
913 2371 928 2418 2
947 2364 1043 2436 Migne
1057 2363 1134 2420 Tom.
1149 2371 1192 2433 69,

179 2443 239 2493 399.
260 2468 293 2478 -
317 2444 334 2492 6
354 2435 425 2491 Dan.
441 2442 466 2503 7,
482 2442 506 2491 ύ.
524 2467 560 2478 -
580 2440 684 2490 16-18
703 2437 737 2503 cf.
757 2435 898 2491 Plutarch.
913 2435 981 2490 Vita
994 2435 1072 2492 Alex.
1088 2453 1131 2506 op.
1148 2443 1190 2492 58.

178 2534 213 2553 ·-
229 2513 334 2578 18-p.
349 2513 418 2574 δύο
435 2507 522 2561 ΒιείΙ.
538 2508 573 2563 de
586 2506 641 2577 leg.
657 2506 719 2560 libr.
735 2509 791 2562 ant.
807 2524 849 2576 ep.
861 2513 877 2561 5
891 2507 987 2578 Migne
1001 2507 1031 2561 T.
1043 2513 1085 2576 31,
1096 2512 1147 2561 577
1157 2509 1190 2561 A.

250 2677 329 2730 λκαλ
343 2683 406 2731 ante
419 2674 545 2747 δυσύιύγ.
560 2692 610 2731 om.
624 2675 680 2730 FB.
695 2708 730 2717 -
744 2681 760 2730 5
774 2675 825 2746 τὴν
839 2675 947 2746 πτηνὴυ
959 2675 1046 2731 ABG.
1061 2707 1094 2716 —
1113 2677 1192 2731 ύιιαλ

176 2749 210 2804 ἰδ
228 2747 354 2818 σφοδρὸν
372 2746 448 2801 LNV
457 2746 519 2801 chr.
537 2747 570 2802 τὸ
589 2764 636 2816 σφ.
652 2747 685 2802 G.
705 2779 738 2788 -
759 2753 774 2801 7
792 2747 824 2802 τὸ
843 2755 906 2802 ante
924 2748 1051 2815 πυρῶδες
1068 2763 1119 2802 σπι.
1134 2746 1190 2804 CF.

179 2852 213 2860 -
232 2823 248 2873 8
262 2816 447 2888 ύπεμφαίνων
461 2818 484 2872 Β
502 2815 727 2887 προύποφοιύνων
741 2818 763 2872 F
781 2818 964 2888 προύπίφηνε
977 2819 1010 2873 R.
1026 2850 1060 2859 -
1074 2823 1090 2872 9
1105 2818 1192 2886 ἥκου-

178 2909 226 2946 σεν
245 2888 373 2952 εἰπόντος
389 2888 468 2942 BLN
492 2889 625 2960 (ἀκούσας
647 2887 775 2952 εἰπόντος
793 2889 898 2960 Pchr.)
922 2888 1049 2954 εἰσιόντος
1071 2889 1193 2958 ἤκουσεν
1299 2895 1300 2901 ’

177 2962 238 3018 rell.
258 2993 291 3002 —
311 2959 354 3016 ὅτι
372 2963 421 3016 καλ
439 2960 551 3030 ἄπειροι
567 2960 619 3015 AG
637 2957 680 3016 ὅτι
697 2959 727 3016 τε
746 2961 792 3016 δίπ.
808 2960 841 3015 V.
861 2993 894 3002 —
915 2967 946 3014 11
967 2961 1087 3031 μηδενὸς
1105 2960 1191 3016 GLR.

177 3065 214 3076 -
232 3039 266 3089 12
279 3051 309 3088 τε
323 3049 374 3089 om,
388 3032 447 3086 PR.
463 3064 497 3072 -
518 3037 551 3086 18
569 3032 618 3086 καλ
631 3031 748 3102 μάλιστα
759 3031 787 3086 Ν
801 3033 917 3102 μάλιστα
932 3031 963 3087 δὲ
977 3033 1008 3086 Β.
1024 3063 1057 3074 -
1078 3037 1110 3085 17
1126 3031 1191 3088 ἑαυ-

176 3113 228 3161 τοῦ
246 3103 273 3160 V
290 3105 366 3176 αύτῷ
387 3103 477 3158 BGR.
492 3135 528 3144 —
546 3105 645 3167 δεινῶς
662 3103 751 3157 BHV.
767 3135 800 3144 —
821 3109 854 3157 18
868 3111 932 3174 post
950 3104 1036 3159 αύτὸν
1049 3104 1074 3156 Α
1092 3105 1124 3158 ιιι
1137 3121 1164 3157 ιιι
1185 3149 1191 3160 .

179 3177 243 3234 add.
258 3172 395 3232 νεανίσκε.
426 3176 504 3230 Idem
521 3175 547 3228 R
565 3177 596 3230 ίιι
614 3181 697 3230 textu.
721 3206 755 3216 -
778 3174 829 3245 τὴν
853 3175 961 3300 κλῆσινὸ
983 3175 1015 3230 τὸ
1035 3174 1123 3244 ύνομα
1141 3175 1163 3228 L

177 3248 228 3303 τὸν
246 3244 405 3318 δνσμασμύν
418 3245 452 3302 Η.
468 3277 502 3286 -
522 3252 554 3300 19
568 3254 656 3301 πᾶσιν
671 3243 781 3315 ἐτιοίησε
794 3246 935 3315 ταύτηνΒ
968 3245 1067 3300 GLPV
1085 3246 1192 3316 ταύτην

179 3314 292 3388 ἐποίησε
309 3327 396 3373 πᾶσιν
414 3317 441 3371 N
469 3314 581 3387 ἐποίησε
599 3317 704 3387 ταύτην
722 3317 743 3370 F
771 3318 876 3388 ταύτην
895 3315 1007 3388 ἐποίησε
1025 3317 1082 3370 AR.

251 3477 267 3539 9
285 3487 409 3551 ἀκούσας
431 3485 560 3551 εἰπόντος
578 3484 621 3542 ὅτι
638 3487 687 3542 ύπ.
706 3507 731 3542 κ.
752 3483 819 3555 εἰσί,
841 3487 943 3555 πικρὸν
967 3483 1110 3551 ἐστέναξεν
1133 3485 1192 3556 εἴγε
1297 3543 1298 3546 ,

179 3558 228 3612 ἀπ.
249 3555 337 3612 ὄντων
355 3558 451 3616 ΡΟλιι.
470 3591 504 3600 -
529 3565 561 3613 11
581 3559 647 3684 ἐγδί]
665 3578 721 3613 πωι
739 3557 761 3612 Ρ
780 3561 846 3628 (που
865 3557 945 3627 obn).
966 3589 999 3598 —
1018 3557 1191 3627 κεκράτηκεν

179 3627 274 3682 Pchr.
294 3659 326 3669 —
347 3630 395 3683 καλ
414 3627 607 3702 μεγαλόψυχος
657 3629 718 3684 chr.
738 3662 772 3671 -
793 3636 825 3684 17
845 3625 917 3700 είιτε]
936 3629 990 3700 ἔφη
1008 3627 1038 3681 P.
