2617 3909
173 207 240 272 310
485 209 672 262 Γεωοντου
690 211 874 263 ωοαικου

172 355 243 437 μετὰ
269 358 324 439 τήν
350 354 474 420 ἐνθένδε
501 355 674 439 ἀπαλλαγήν
704 357 895 438 διαδεξόμενα
921 357 974 420 τόν
1001 360 1189 441 ταλαίπωρον

171 456 348 538 κολαστήρια
371 456 517 518 διεδείκνυ
545 466 682 538 φανερῶς
709 457 858 537 προοίμια.
903 456 998 531 εὐθύς
1020 456 1076 539 γὰρ
1099 481 1188 518 κατα-

171 556 304 635 λαβοῦσα
325 563 430 615 τοῦτον
454 553 599 632 θεήλατος
621 554 671 615 καλ
699 552 835 637 ὀλέθριος
861 555 964 634 μάστιξ
987 555 1030 628 εἰς
1052 554 1188 618 θάνατον
1290 557 1292 625 f

170 651 313 734 ἀργαλέον
336 651 509 730 συνήλασεν.
555 652 645 714 ἔνθεν
663 653 729 736 γάρ,
753 651 848 732 φησὶν
867 646 1020 733 Ἰώσηπος,
1043 653 1137 715 αύτοῦ
1156 655 1187 716 τὸ
1290 698 1292 753 ρ

145 759 255 829 εσῶμα
279 747 299 828 ή
320 749 408 822 νόσος
432 751 612 830 διαλαβοῦσα
635 751 779 823 ποικίλοις
801 751 931 812 πάθεσιν
951 750 1087 833 ε’μίριζεν.
1130 774 1188 813 πυ·

170 848 252 928 ρετδς
280 846 333 927 μὲν
360 847 415 929 γδιρ
444 848 552 929 λάβρος
574 840 628 928 ήν,
656 847 779 927 κνισμὸς
806 846 838 909 δὲ
865 847 1016 929 ἀφόρητος
1043 859 1097 930 τής
1124 850 1138 912 ἐ
1173 888 1187 896 -

74 992 76 996 .
171 946 296 1023 φανείας
321 945 392 1024 ὅλης
418 945 468 1007 καλ
495 945 585 1008 κόλου
613 951 744 1026 συνεχεῖς
770 944 932 1028 ἀλγηδόνες
956 945 1095 1028 καὶπερὶ
1119 949 1187 1022 τοὺς
1290 950 1291 1021 ἦ

170 1042 264 1117 πόδας
292 1043 439 1123 οἰδήματά
466 1066 532 1105 τινα
560 1044 682 1123 δυσώδη
708 1052 761 1105 τοῦ
789 1067 819 1105 τε
845 1041 937 1125 ήτρου
960 1045 1114 1126 φλεγμονὴ
1137 1046 1188 1108 κοιλ

170 1141 287 1203 αἰδοίου
311 1142 449 1223 σηπεδὼν
477 1141 630 1220 σκώληκας
657 1152 805 1223 γεννῶσα,
827 1142 878 1204 καλ
900 1143 975 1226 πρὸς
997 1145 1114 1220 τούτοις
1136 1144 1187 1228 όρ-

130 1239 302 1302 ιοθόπνοια
333 1239 382 1301 καὶ
415 1240 563 1302 δύσπνοια
593 1238 643 1301 καλ
676 1238 805 1320 σπασμοὶ
831 1251 891 1303 τῶν
921 1245 1016 1321 μελῶν
1046 1241 1187 1306 ἀνιόντων

169 1337 247 1422 αύτῷ
275 1339 510 1418 καθεστήκασιν,
543 1336 639 1417 ἀηδής
672 1335 704 1399 δὲ
731 1336 872 1421 ἀποφορὰ
902 1339 935 1400 ἐκ
962 1349 1016 1402 τοῦ
1043 1352 1187 1422 συνεχοῦς

169 1433 321 1514 άσθματος
349 1435 547 1517 ἐξεπορεύετο,
575 1433 616 1509 όις
638 1434 708 1508 τούς
730 1434 951 1510 ἐπιθειάζοντας
974 1438 1085 1517 ποινήν
1111 1440 1187 1518 θεή-
1290 1492 1292 1513 ‚

167 1530 256 1594 λατον
292 1527 369 1595 εἶναι
405 1530 506 1614 λέγειν.
552 1534 667 1606 τούτοις
703 1533 741 1612 δὴ
778 1527 834 1596 οῦν
865 1534 915 1596 καλ
946 1541 1008 1609 τοῖς
1040 1538 1187 1610 τοιούτοις

168 1630 298 1691 πάθεσιν
321 1630 368 1692 ἐπὶ
390 1631 512 1692 πλείονα
539 1631 646 1714 χρόνον
671 1632 935 1712 περιαντλούμενος
963 1643 1106 1697 τοσοῦτον
1129 1630 1186 1717 εἶχε

129 1747 154 1786 τε
168 1726 220 1787 τὸν
247 1728 342 1789 πόνον
369 1726 563 1806 ἀνύποιστον,
592 1728 631 1802 ὡς
653 1729 704 1790 καλ
731 1729 885 1813 αύτόγειρα
911 1731 1018 1793 ἑαυτοῦ
1045 1732 1187 1814 γενέσθαι

167 1825 433 1904 κατατολμήσαντα.
479 1827 602 1906 αἰτήσας
632 1827 689 1911 γάρ
721 1833 816 1908 μῆλον
848 1827 923 1908 ὁμοῦ
951 1828 1001 1890 καλ
1028 1831 1187 1912 μάχαιραν,

168 1920 208 1994 ὡς
236 1923 332 2003 δῆθεν
358 1923 516 2004 ἐπιθυμῶν
543 1925 633 1999 αὐτὸς
662 1920 701 1986 δι’
731 1925 839 1988 ἑαυτοῦ
866 1926 1107 2010 ἀπογεύσασθαι,
1135 1929 1187 1990 καὶ
1290 1984 1291 2005 ,

167 2019 266 2101 λαβὼν
294 2020 420 2084 ἀνέτεινε
447 2023 502 2102 τήν
528 2029 608 2105 χεῖρα
635 2022 709 2084 κατά
736 2033 790 2086 τοῦ
814 2030 922 2103 λαιμοῦ
944 2027 1054 2105 πλῆξαι
1076 2029 1186 2106 βουλό.

168 2141 269 2200 μενος,
291 2119 343 2180 καί
365 2120 488 2200 ἕπληξεν
511 2119 563 2202 ἀν,
591 2122 618 2183 εἰ
640 2121 681 2201 μή
706 2146 750 2196 τις
772 2132 831 2184 τῶν
853 2124 1048 2204 θεραπόντων
1071 2127 1185 2186 θεασά-
1290 2182 1291 2201 ,

127 2237 153 2275 εο
168 2233 255 2296 μενος
287 2217 394 2299 ταχέως
426 2219 480 2299 τήν
514 2220 660 2301 μάχαιραν
691 2219 724 2281 ἐκ
756 2229 815 2281 τῶν
846 2230 949 2301 χειρῶν
979 2220 1073 2282 αὐτοῦ
1100 2223 1187 2301 μόλις
1290 2254 1291 2257 “

167 2313 342 2378 ἀπέσπασεν.
388 2315 436 2378 ἐπὶ
459 2321 560 2378 πλεῖον
583 2311 639 2380 ούν
662 2323 725 2392 ταῖς
744 2315 867 2392 ὀδύναις
884 2317 1116 2398 βασανιζόμενος
1134 2319 1187 2382 καὶ

166 2413 221 2492 τήν
253 2412 387 2494 ἀδελφήν
414 2415 565 2494 Σαλώμην
595 2414 644 2476 καλ
672 2414 723 2477 τὸν
751 2413 846 2497 ἀνδρα
873 2414 965 2495 αὐτῆς
990 2409 1187 2499 Ἀλέξανδρον
1234 2458 1237 2464 -
1290 2434 1291 2437 ’

68 2531 107 2570 ατο
121 2531 152 2572 M.
167 2513 438 2592 προσκαλεσάμενος
460 2511 588 2574 ὑπέθετο
616 2512 731 2593 αύτοῖς,
759 2513 832 2574 ὥστε
859 2513 928 2586 τοὺς
950 2523 1009 2574 τῶν
1028 2509 1187 2577 Ἰουδαίων

167 2608 306 2690 ἐξάρχους
332 2611 487 2690 καθεῖρξαι
514 2611 557 2684 εἰς
581 2610 633 2672 τόν
657 2610 857 2692 ἱππόδρομον,
887 2610 937 2672 καὶ
959 2611 1188 2692 τελευτήσαντος

127 2726 153 2766 25
167 2706 259 2768 αὐτοῦ
282 2716 459 2788 παραχρῆμα
486 2709 608 2782 τούτους
631 2707 690 2772 ὑπὸ
713 2719 766 2770 τοῦ
793 2718 917 2792 στρατοῦ
940 2710 1044 2782 δεινῶς
1068 2709 1187 2792 ἀναιρε·
1290 2734 1291 2737 ’

116 2947 120 2956 ,
238 2901 255 2948 4
273 2895 385 2965 Joseph.
403 2895 472 2950 Bell.
487 2895 551 2950 Jud.
566 2897 588 2966 Ι,
603 2903 653 2952 656
663 2915 718 2969 εφη.
738 2900 782 2970 (cf.
798 2900 863 2952 Ant.
876 2898 960 2966 XVII,
976 2903 1026 2953 168
1036 2902 1111 2969 εφη).

238 3071 387 3143 3μάσταξ
406 3073 531 3128 Βοωει.
552 3106 585 3115 -
607 3074 821 3146 Momm
847 3077 1003 3146 τριταῖοι
1019 3076 1070 3129 FN
1093 3077 1186 3148 ιρι.
1290 3084 1291 3087 ¹

166 3147 246 3208 λαιον
261 3143 330 3197 ΟΙιΡ
345 3145 485 3215 ἀργαλέως
498 3145 556 3201 RV.
571 3177 608 3188 -
622 3151 637 3200 6
652 3147 756 3214 λαύρος
770 3147 789 3202 C
804 3151 906 3216 λαῦρος
918 3145 1020 3200 BERV
1033 3147 1137 3216 λάῦρος
1150 3149 1183 3201 L.

168 3247 201 3256 -
221 3215 341 3284 κνησμὸς
359 3215 445 3271 BRV.
461 3249 495 3258 -
516 3223 530 3271 7
550 3218 639 3272 κώλου
653 3217 734 3271 BHV
756 3219 895 3274 κώλωνΒ
918 3219 1083 3287 ἀφεδρῶνος
1100 3219 1131 3272 L.
1145 3251 1186 3261 —

167 3293 183 3338 8
203 3285 281 3353 λ’τρου
300 3288 380 3342 codd.
396 3296 506 3358 praeter
519 3288 578 3342 RV.
598 3321 632 3330 —
652 3294 685 3342 11
704 3290 802 3358 ἀηδελς
819 3291 841 3344 Ρ
864 3289 961 3359 ἀειδής
978 3287 1125 3345 AODMV.
1146 3323 1185 3330 —

169 3361 202 3408 18
220 3358 311 3480 xfitssa]
335 3358 477 3430 μάχαιραν
503 3359 582 3413 codd.
598 3366 708 3428 praeter
725 3360 773 3413 ΑΡ
796 3361 904 3430 (δεξιάν
921 3360 998 3430 δυσ).
1018 3393 1051 3401 -
1076 3366 1109 3414 25
1130 3369 1184 3416 τοῦ

168 3442 218 3480 om.
288 3470 293 3480 .

241 3591 254 3638 1
274 3585 463 3658 ταλαίπωρον]
484 3586 586 3640 ἀθλιον
604 3587 633 3640 P.
