2617 3909
195 225 238 290 96
506 226 692 277 ΓΕΩΡΓΙΟΤ
710 225 892 277 ΜΟΝΑΧΟΤ

195 373 351 457 ἐπέραστος
372 372 423 434 καλ
450 371 648 454 παγγέραστος
678 371 849 453 γενόμενος,
876 369 1001 451 ἠξίωσεν
1029 369 1045 432 ό
1069 371 1213 451 βασιλεὺς
1298 429 1299 432 ,

195 469 243 534 ἐπ’
273 472 365 533 αύτού
394 477 607 552 γυμνασθῆναι
633 468 669 530 τὰ
696 469 762 549 περὶ
790 469 978 552 ἀστρολογίας
1007 467 1058 530 καῖ
1086 470 1212 550 μαγείας

195 571 244 632 άτε
275 569 442 654 πολυπείρφ
473 567 524 629 καλ
552 569 693 653 Χαλδαίηι
723 568 904 648 τυγχάνοντι.
950 565 1125 648 ἀστρολογία
1152 566 1211 648 γάρ

194 667 244 729 καὶ
267 667 371 747 μαγεία
398 664 456 729 ἀπὸ
480 667 690 748 Μαγουσαίων
716 663 784 744 ῆτοι
807 669 931 746 Περσῶν
953 662 1076 745 ἤρξατο·
1100 665 1133 725 ολ
1152 665 1210 746 γάρ

85 789 110 828 ετ
124 786 155 826 Μ.
168 786 181 828 ε
195 789 240 826 τοι
268 763 381 844 Πέρσαι
408 764 528 846 Μαγὼγ
555 763 615 825 ύπὸ
644 773 703 825 τῶν
729 763 877 844 ἐγχωρίων
910 759 1112 840 ὀνομάζονται.
1159 761 1211 823 καὶ

196 864 233 942 δὴ
253 872 311 924 τῶν
329 860 514 943 ἀστρολόγων
534 860 585 923 καὶ
604 862 706 943 μάγων
724 858 1017 941 συναθροισθέντων,
1036 858 1052 922 ὁ
1070 860 1210 940 βασιλεὺς

195 961 256 1039 ἀμα
278 967 317 1043 τῷ
331 954 466 1043 Ἀβραὰμ
488 958 539 1022 καλ
561 965 622 1032 τοῖς
645 959 810 1037 συνήθεσιν
827 956 992 1037 έκαθέσθη,
1014 955 1064 1019 καὶ
1083 954 1210 1038 ἡσυχίας

195 1056 355 1139 γενομένης
378 1057 394 1120 ό
415 1050 549 1140 Ἀβραὰμ
570 1057 642 1136 ἔφη·
663 1062 772 1135 μαθεῖν
790 1057 937 1136 βούλομαι
955 1051 1024 1138 παρ’
1045 1054 1132 1134 ύμῶν
1150 1065 1211 1117 τῶν
1298 1071 1299 1134 j

195 1165 309 1235 σοφῶν,
332 1156 360 1216 εἴ
381 1155 506 1217 δύναται
528 1153 641 1237 γένεσις
663 1153 713 1216 καὶ
736 1155 841 1235 μαγεία
864 1154 979 1234 βλάψαι
1001 1152 1068 1214 τινὰ
1090 1151 1110 1233 ἢ
1130 1151 1211 1231 ὠφε-
1298 1137 1299 1168 f

157 1279 183 1317 ιο
196 1261 284 1334 λῆσαι
310 1253 385 1314 κατά
411 1254 466 1334 τὴν
493 1251 636 1334 ὑμετέραν
665 1252 763 1326 δόξαν.
808 1245 863 1329 ἀφ’
890 1243 932 1312 ὧν
955 1249 1130 1332 ἀποκριθεὶς
1153 1252 1211 1312 Αἴ-

196 1346 318 1434 γύπτιος
349 1350 525 1433 ἀστρολόγος
558 1349 608 1411 καὶ
640 1351 732 1432 μάγος
764 1344 857 1411 εἶπεν·
891 1349 1023 1430 μεγάλων
1054 1346 1128 1427 ἡμῖν
1160 1348 1212 1409 καὶ

197 1450 368 1532 ἀναγκαίων
391 1449 563 1528 ζητημάτων
586 1447 688 1530 ἀγαθὴ
711 1447 870 1529 πρόφασις,
893 1439 916 1508 ὦ
940 1447 1106 1525 διδάσκαλε,
1129 1447 1212 1530 γένη,

196 1547 247 1609 καλ
279 1545 362 1619 ἀξιόν
394 1547 454 1608 έστι
486 1544 580 1625 μηδέν
611 1545 851 1628 ἀποκρύψασθαί
881 1562 912 1606 σε
943 1553 1002 1604 τῶν
1032 1539 1103 1624 παρ’
1136 1541 1213 1622 ἡμῖν

197 1643 381 1725 ἀπορρήτων.
417 1645 530 1716 πάντας
550 1644 633 1722 ἴσμεν
654 1642 837 1723 ἀνθρώπους
854 1640 964 1724 γενέσει
980 1641 1031 1704 καλ
1048 1640 1212 1726 εἱμαρμένη

159 1764 184 1804 15
198 1741 405 1814 δουλεύοντας·
430 1739 580 1802 ἀδύνατον
602 1741 658 1822 γάρ
681 1740 759 1802 ἔστιν
787 1738 951 1822 άνθρωπον
975 1727 1168 1819 φονευθῆναι
1191 1738 1211 1819 ἴ]

197 1844 364 1918 τελευτῆσαι
392 1837 472 1920 παρὰ
498 1836 620 1919 γένεσιν.
667 1835 683 1899 ό
707 1835 739 1899 δὲ
757 1832 891 1917 Ἀβραάμ
918 1853 1024 1916 φησιν’
1048 1834 1213 1916 ῆιιατῆθης

198 1936 290 2010 ἴυτως
313 1937 406 1998 εἰπεῖν
428 1945 525 2016 τούτο,
548 1935 589 2016 μῆ
609 1935 697 2010 εἰδὼς
716 1936 760 1997 ότι
778 1935 826 1998 ἐπὶ
844 1944 945 2016 κριτοῦ
963 1932 1106 2014 βασιλέως
1123 1934 1213 2014 έφης,

198 2032 231 2108 ός
254 2032 425 2116 ἀνθρώπων
448 2034 503 2114 τῆν
525 2034 663 2108 ἐξουσίαν
686 2034 751 2114 έχει.
787 2032 835 2094 καὶ
855 2031 871 2094 ό
890 2031 1026 2112 βασιλεὺς
1043 2031 1214 2113 ἀγανακτῆ-

199 2151 253 2206 σας
275 2132 335 2213 έφη
357 2132 432 2213 πρὸς
455 2132 506 2193 τὸν
529 2131 719 2217 ἀστρολόγον·
743 2141 801 2196 νύν
824 2123 880 2193 οὖν
902 2130 954 2192 έὰν
977 2128 1214 2209 μεταπέμψομαι

159 2255 185 2295 το
198 2241 257 2292 τῶν
291 2230 431 2310 ὑπηκόων
458 2229 629 2311 ἀνθρώπων
659 2229 726 2310 ἕνα,
756 2228 806 2290 καλ
834 2229 1019 2308 σκεψάμενος
1046 2223 1095 2306 ἐφ’
1125 2225 1214 2308 ἡμῶν

199 2330 284 2413 εἴπης
307 2331 384 2408 ζωῆς
406 2327 532 2409 χρόνους
555 2327 646 2390 αύτὸν
665 2329 740 2408 ἔχειν
758 2325 778 2407 ἢ
799 2327 839 2407 μῆ
858 2327 943 2407 ἔχειν,
962 2325 1018 2408 ἐγὼ
1037 2326 1214 2388 τούναντίον
1297 2353 1298 2394 ι

198 2426 273 2506 πρὸς
295 2434 381 2487 τούτο
404 2425 520 2504 ποιήσω
542 2424 697 2506 γενέσθαι,
721 2425 758 2488 ού
782 2434 886 2504 σαφῶς
908 2424 1056 2506 έλῆλεγξαι
1079 2423 1215 2501 ψεύστης

199 2523 353 2605 ύπάρχων;
376 2522 427 2584 καὶ
449 2521 505 2604 γὰρ
528 2522 580 2584 έὰν
602 2523 689 2608 εἴπης
712 2522 802 2584 αύτὸν
825 2523 867 2584 ἔτι
889 2521 1013 2602 χρόνους
1031 2521 1107 2602 ἔχειν
1126 2524 1214 2601 ζωῆς,

199 2620 294 2693 εύθύς
320 2621 447 2681 κελεύσω
477 2618 568 2681 αύτὸν
599 2619 812 2702 ἀναιρεθῆναι,
839 2621 867 2682 εί
893 2618 925 2682 δέ
953 2620 993 2700 μῆ
1021 2619 1096 2699 ἔχειν
1124 2618 1216 2692 λέξεις

160 2741 186 2783 ιο
200 2717 291 2779 αύτὸν
322 2717 447 2800 χρόνους
478 2717 670 2797 λειπομένους
705 2717 784 2797 πλην
815 2718 870 2798 τῆν
902 2727 1089 2779 συνεστῶσαν
1121 2716 1215 2797 ὥραν,

200 2814 291 2877 αὐτὸν
323 2813 376 2895 μέν
408 2825 461 2895 τῆς
491 2817 651 2896 καταδίκης
683 2814 837 2895 ἀπολύσω,
870 2812 901 2877 σὲ
931 2812 963 2877 δὲ
990 2814 1146 2897 παρευθύς
1174 2812 1216 2887 ὡς

271 2986 287 3033 2
308 2975 353 3034 ἐπ’
370 2979 458 3032 αὐτοῦ
476 2978 588 3032 ADHP
612 2975 657 3032 ἐπ’
674 2975 761 3033 αὐτόν
778 2978 808 3031 Μ
826 2974 876 3032 ὑπ’
893 2978 980 3032 αὐτοῦ
998 2975 1058 3031 rell.
1074 3009 1108 3018 -
1127 2982 1145 3030 4
1164 2975 1216 3045 ἥρ-

200 3051 285 3116 ξαντο
303 3050 361 3104 AR.
386 3081 420 3091 —
445 3056 477 3103 11
497 3050 547 3103 καλ
565 3049 653 3120 μάγος
675 3066 725 3104 om.
746 3049 770 3103 G
787 3055 813 3104 et
830 3065 900 3103 rece.
920 3049 1043 3118 quidam.
1064 3079 1098 3088 —
1122 3043 1215 3120 εἶπεν]

202 3122 256 3191 έφη
274 3121 322 3176 LV
336 3121 393 3191 (sed
406 3120 454 3175 W:
479 3116 576 3191 εἶπεν).
596 3153 630 3161 -
653 3125 686 3174 13
706 3119 786 3185 ἀξιον
804 3118 872 3189 ἡμῖν
890 3120 948 3174 ἐστι
965 3119 999 3174 N.
1020 3151 1053 3160 -—
1079 3125 1111 3173 19
1131 3138 1216 3188 μετα-

201 3192 347 3263 πέμψομαι
360 3191 446 3246 AFM.
461 3223 495 3232 —
515 3198 549 3246 20
563 3191 719 3260 άνθρωπον
733 3191 759 3245 Α
772 3192 934 3259 ἀνθρώπων
948 3190 971 3243 Β
984 3193 1031 3246 sed
1044 3207 1078 3244 m.
1093 3196 1109 3244 1
1127 3193 1160 3244 ι’νι
1174 3191 1216 3246 lit.

202 3296 235 3304 —
254 3271 288 3318 λλ
311 3263 418 3331 ποιήσω
441 3264 512 3332 πρὸς
533 3263 621 3317 τούτω
645 3266 724 3332 (corr.
743 3279 777 3317 εκ
799 3265 890 3332 τοῦτο)
914 3282 970 3331 γεν.
989 3262 1012 3315 Β
1035 3262 1106 3330 πρὸς
1126 3281 1149 3315 τ.
1170 3281 1217 3332 γε-

201 3334 303 3389 νέσθαι
320 3333 428 3402 ποιήσω
444 3334 480 3388 N.
499 3365 533 3374 —
552 3334 675 3402 έλῆλεξαι
689 3332 822 3387 ΑΟΟτΙιΜ
841 3334 898 3401 (sed
916 3332 974 3386 GM
992 3351 1025 3387 m.
1045 3339 1060 3388 1
1080 3336 1160 3404 corr.)
1181 3363 1216 3374 -·-

203 3410 237 3458 24
255 3404 332 3474 λέξης
350 3405 428 3459 AHP
446 3413 472 3460 et
489 3423 522 3459 m.
539 3409 559 3459 2
576 3405 606 3458 L.
627 3437 661 3445 -
684 3403 769 3468 λέξεις
806 3411 847 3460 ost
864 3403 1044 3474 λειπομένους
1060 3420 1084 3458 υ.
1107 3409 1140 3458 25
1161 3405 1216 3460 ι’νιει.

202 3474 331 3531 CFLRV.
351 3508 384 3517 -—
404 3481 437 3529 κθ
456 3475 603 3543 παρευθύς
621 3475 704 3530 FPW
724 3423 805 3530 εύθῖ
814 3475 837 3529 Β
856 3477 987 3542 καρευθύ
1005 3474 1064 3528 rell.

275 3604 307 3652 15
326 3599 379 3668 γάρ
398 3617 448 3655 om.
463 3599 492 3652 P.
