2617 3909
533 251 722 304 XPONIKON
1070 248 1134 312 275

120 397 331 480 περιγενέσθαι
354 407 408 460 τού
422 391 574 479 Ἀρφαξάδ
595 396 670 458 κατὰ
687 407 746 458 τῶν
764 398 804 478 μη
825 397 1005 477 δεδωκότων,
1028 396 1078 458 καὶ
1097 398 1134 477 δη

120 495 312 579 ὑποστρέψας
340 495 410 576 μετὰ
436 496 523 575 νίκης
547 493 695 558 ἀπέστειλε
716 495 768 558 τὸν
790 493 1020 578 ἀρχιστράτηγον
1043 494 1135 556 αύτού

117 589 302 677 Ὁλοφὲρυην
325 593 395 674 μετὰ
418 594 573 674 δυνάμεως
595 599 706 673 πολλῆς
727 587 792 654 κατ’
814 593 920 656 αύτῶν.
957 591 1007 655 καί
1024 594 1135 666 παντὸς
1296 672 1297 675 ¹

42 761 46 767 ,
120 693 233 767 ἔθνους
256 694 414 776 κυριεύσας
428 691 453 754 6
473 685 653 774 Ὁλοφίρνης
676 690 726 753 καί
748 690 783 752 τὰ
806 692 912 754 εῶυλα
931 691 1044 753 τούτων
1062 709 1134 752 συν-
1149 719 1188 757 ιοο
1202 718 1233 758 M.

119 792 229 873 τρίψας
251 791 326 872 πρὸς
347 790 515 852 Βετυλούαν
538 791 593 870 την
616 799 676 852 τῶν
695 783 848 852 Ἰουδαίων
875 790 962 853 πόλιν
984 782 1079 869 ἦλθεν
1101 789 1134 852 ἐν
1161 816 1173 855 ε
1296 786 1297 793 ¹

119 889 246 969 χιλιάσιν
274 886 401 950 ὁπλιτῶν
428 885 486 970 ρκ’.
531 887 581 949 καί
609 885 625 948 6
653 885 707 967 μὲν
729 883 910 968 Ὁλοφέρυης
936 889 979 963 είς
1004 889 1134 968 πόλεμον

119 987 328 1068 παρετάσσετο,
354 985 639 1066 κατησφαλισμίνων
666 986 699 1048 ἕν
726 995 761 1070 τῇ
785 985 867 1048 πόλει
893 995 952 1047 τῶν
978 987 1054 1047 υίῶν
1077 979 1133 1047 Ἰσ-

119 1085 205 1166 ραήλ,
229 1083 245 1146 6
269 1083 301 1147 δὲ
323 1085 484 1166 στρατηγὸς
506 1083 599 1146 αύτοῦ
617 1079 721 1165 Ἀχιὼρ
744 1083 975 1164 συνεβούλευσεν
994 1083 1071 1168 αύτῷ
1091 1084 1132 1163 μη

118 1187 256 1263 πολεμεῖν
282 1183 315 1245 τὸ
342 1183 433 1256 ἔθνος
460 1192 519 1244 τῶν
537 1176 686 1263 Ἑβραίων
713 1181 763 1244 διὰ
789 1182 821 1244 τὸ
848 1180 1056 1262 ύπερασπίζειν
1078 1181 1132 1243 αύ-

118 1289 177 1342 τῶν
200 1282 251 1344 τὸν
272 1280 354 1342 θεόν.
391 1279 442 1343 καλ
460 1277 609 1362 ὀργισθείς
627 1279 644 1342 6
660 1272 839 1359 Ὁλοφέρνης
857 1277 1022 1341 ἀπέστειλεν
1041 1277 1132 1340 αύτὸν
1146 1306 1172 1345 10

118 1379 161 1452 εἰς
183 1379 238 1458 την
260 1379 347 1440 πόλιν
369 1377 531 1456 ἀπειλήσας
553 1366 725 1460 ἀναιρήσειν
747 1377 850 1459 αύτόν,
872 1377 900 1438 εἰ
920 1376 1029 1456 ταύτης
1050 1398 1132 1458 περι-

117 1475 240 1558 γένοιτο.
286 1475 337 1538 καλ
360 1475 375 1538 6
400 1473 453 1556 μὲν
473 1471 577 1558 Ἀχιὼρ
601 1468 640 1555 ἦν
663 1475 696 1538 ἐν
718 1485 753 1560 τῇ
776 1476 859 1538 πόλει
880 1475 1041 1558 Βετυλούμ,
1064 1473 1080 1536 6
1099 1471 1131 1536 δὲ

114 1567 294 1656 Ὁλοφέρνης
322 1573 487 1656 ἐπολιόρκει
512 1574 568 1653 την
593 1574 681 1636 πόλιν
707 1572 939 1656 προκαταλαβὼν
965 1571 1001 1632 τὰ
1028 1573 1130 1634 ύθατα.

116 1682 169 1733 τοῦ
192 1669 224 1733 δὲ
247 1677 320 1734 λαοῦ
343 1670 520 1745 ἐκλυθέντος
546 1671 596 1733 διὰ
623 1671 656 1732 τὸ
680 1672 785 1753 δίψος,
812 1670 862 1732 καί
892 1672 1055 1750 μελλόντων
1083 1670 1130 1732 ἕκ-

118 1770 224 1831 θοῦυαι
247 1769 302 1848 την
325 1769 422 1850 πόλιν,
445 1767 465 1849 ἡ
485 1763 602 1831 Ἰουθλθ
624 1755 875 1850 άποβαλούσατὰ
892 1779 945 1848 τῆς
967 1769 1130 1850 χηρεύσεως
1145 1795 1170 1834 15

117 1867 218 1946 ἱμάτια
237 1861 375 1950 (ἐπένθει
396 1866 451 1949 γὰρ
474 1867 526 1928 τὸν
552 1864 647 1949 άνὸρα
670 1865 720 1927 καί
743 1861 783 1928 δι’
809 1867 880 1928 ὅλου
902 1866 985 1945 ἔμενε
1007 1868 1130 1946 νηστεύ-

117 1959 206 2048 ουσα)
230 1964 393 2044 ἐκόσμησεν
416 1963 525 2044 ἕαυτην
548 1962 588 2038 ὡς
599 1965 736 2043 ’νύμφην
758 1962 808 2024 καί
826 1962 919 2024 πολλὰ
936 1963 1006 2037 τοὺς
1024 1961 1129 2044 άρχον-

116 2086 168 2137 τας
191 2060 231 2136 ὡς
254 2059 453 2144 ὀλιγοψύχους
478 2061 615 2143 ἕλε’γξασα
636 2061 688 2122 καλ
714 2061 922 2139 νουθετήσασα
943 2058 994 2121 καί
1016 2082 1130 2142 παραγ-

116 2162 235 2241 γείλασα
258 2160 298 2241 μη
322 2159 461 2222 ἐκδοῦναι
488 2160 543 2239 την
570 2161 658 2222 πόλιν
685 2157 767 2241 άχρις
791 2156 910 2239 ἡμερῶν
932 2155 958 2219 ε’
980 2156 1129 2237 ὑπεξῆλθε

116 2257 191 2338 πρὸς
217 2258 269 2320 τὸν
293 2250 489 2338 Ὁλοφέρυην,
521 2255 571 2318 καί
602 2267 637 2342 τῇ
665 2267 719 2318 τοῦ
745 2261 821 2318 θεοῦ
853 2256 981 2339 βοηθείᾳ
1011 2253 1062 2315 καλ
1092 2262 1128 2341 τῇ
1142 2281 1169 2320 εο

117 2354 223 2434 ἑαυτῆς
240 2355 332 2439 σοφίᾳ
350 2364 455 2416 τοῦτον
473 2353 648 2433 άπατήσασα
666 2353 716 2415 καλ
733 2353 975 2431 άποκεφαλίσασα
992 2361 1027 2438 τῇ
1047 2354 1127 2438 τρίτη

116 2449 211 2536 ἡμέρᾳ
232 2451 282 2513 καὶ
304 2451 379 2534 πρὸς
401 2452 456 2532 τὴν
480 2451 568 2514 πόλιν
595 2449 806 2534 ύποστρέψασα
827 2451 935 2523 νυκτὸς
957 2450 1012 2529 την
1034 2473 1127 2529 κεφα-

115 2550 172 2630 λὴν
194 2550 303 2624 ἔδειξεν
322 2543 511 2632 Ὁλοφέρνου.
553 2549 603 2612 καί
626 2551 659 2612 οἷ
678 2547 732 2629 μὲν
746 2543 887 2610 Ἰουδαῖοι
910 2547 1026 2628 σφόδρα
1048 2554 1127 2609 θαυ-

115 2648 259 2728 μύσαντες
281 2647 331 2709 καλ
353 2654 393 2733 τῷ
412 2649 624 2731 συνεργήσαντι
642 2647 693 2708 καί
711 2648 868 2727 σοφίσαντι
885 2652 947 2730 θεῷ
962 2645 1017 2724 την
1036 2646 1127 2720 δόξαν

114 2745 343 2826 άναπὲμψαντες
375 2747 549 2827 προθυμίαν
575 2746 689 2825 πολλὴν
715 2746 836 2826 ἔλαβον,
864 2740 880 2804 6
908 2742 940 2805 δὲ
967 2744 1127 2825 στρατηγὸς
1140 2769 1166 2808 25

112 2839 215 2926 Ἀχιὼρ
240 2849 350 2924 μᾶλλον
375 2843 602 2926 ὑπερεκπλαγεὶς
624 2844 680 2923 την
708 2843 837 2924 μεγάλην
859 2840 909 2903 καὶ
932 2840 1054 2922 ἰσχυρὰν
1076 2840 1125 2902 καὶ

186 3012 202 3060 3
223 3004 377 3076 ὀλοφέρνην
395 3004 528 3060 AODRV
546 3013 570 3061 εί
587 3008 627 3062 sic
644 3007 749 3074 sercin
766 3023 820 3074 sqq.
835 3007 899 3059 item
916 3003 939 3058 B
957 3004 1034 3058 haud
1051 3021 1123 3059 νανο.

114 3110 148 3119 -
167 3084 185 3132 4
200 3077 215 3132 6
229 3095 279 3133 om.
294 3077 350 3132 PR.
366 3109 399 3118 -
419 3083 434 3131 ὅ
449 3078 601 3149 βετυλούαν
615 3079 726 3145 (θοίναν
739 3077 774 3146 Α)
788 3076 836 3129 AP
853 3075 999 3147 βετιλούοιν
1014 3077 1125 3145 (λούαυ

114 3148 233 3220 OHLM)
251 3147 404 3203 BGFLNV
431 3146 593 3220 βαιτουλίαν
612 3149 643 3202 R.
669 3178 703 3189 —
726 3147 777 3216 τὴν
799 3145 882 3201 πάλιν
903 3154 959 3200 τῶν
987 3143 1124 3199 ίουὸαίωυ

114 3221 193 3274 codd.
208 3227 317 3290 praeter
335 3219 389 3273 ΑΡ.
410 3252 444 3261 -
464 3225 497 3274 10
516 3219 531 3273 6
550 3236 600 3275 om.
615 3219 671 3273 PR.
691 3251 726 3259 -
746 3224 778 3272 12
816 3220 931 3271 πυλουα
950 3216 1029 3271 CHP
1052 3218 1124 3339 gm-

113 3291 492 3361 λούαΒΠιΜλΤβαιτυλούα
504 3291 581 3344 Ἑλ.-
598 3297 630 3344 15
644 3290 662 3360 ἡ
677 3307 727 3346 om.
741 3289 794 3342 ΑΗ
830 3320 880 3343 .-
895 3286 1000 3356 ίουδήθ
1014 3286 1042 3357 (ί.
1084 3287 1123 3357 Μ)

112 3361 187 3416 AFN
192 3361 251 3416 RV.
271 3394 304 3402 -
325 3367 357 3416 19
376 3361 477 3431 ἐξῆλθε
494 3361 551 3416 FN.

185 3487 331 3541 6καίοκι.
346 3486 376 3539 Ρ.
391 3519 426 3526 -
445 3486 670 3560 λλκαίακίετῷ
679 3502 730 3540 om.
745 3485 774 3539 P.
789 3517 825 3524 -
843 3489 930 3537 2425
946 3486 1006 3556 θεῷ
1019 3483 1124 3548 πάντες

112 3554 319 3628 ηὐχαρίστησαν
347 3561 397 3633 μιᾷ
424 3565 513 3628 φωνῇ.
548 3556 614 3612 666
633 3575 724 3625 στρατ.
740 3557 770 3610 P.
799 3589 832 3596 -
860 3559 894 3609 26
913 3555 1045 3625 τὴν-μ.
1061 3561 1121 3621 276,

114 3632 219 3683 Ιθεού
237 3644 287 3683 om.
302 3628 332 3681 P.
758 3641 767 3658 ’

911 3716 962 3770 18*
