2617 3909
529 238 731 289 PRAEFATIO
1072 240 1135 291 LIX

118 406 154 445 ex
176 386 367 463 Theophanis
386 388 523 446 chronico
546 388 731 463 interpolati.
774 386 966 448 Continuatio
985 406 1078 464 usque
1097 388 1137 447 ad

118 475 257 535 Alexium
282 474 465 535 Gomnenum
487 477 626 552 pertinet.

183 564 312 625 Restant
335 585 370 624 ex
393 565 478 624 libne
501 565 693 626 Muraltiam's
714 559 998 647 SchleusingensIs
1021 568 1053 625 et
1074 568 1136 626 tres

119 651 310 727 exonienses,
328 654 505 714 Barocciani
524 656 832 733 301110013001194,
850 657 882 713 et
899 656 932 730 F,
947 656 977 729 6,
997 656 1037 714 26
1057 674 1136 715 nunc

116 743 197 802 MIse.
215 745 288 803 120.
321 742 421 819 Atque
434 743 521 802 illum
539 746 571 802 in
585 744 767 803 bibliotheca
781 744 1021 821 Schleusingensi
1039 744 1135 804 adhuc

117 831 281 892 desiderari
314 824 365 915 (cf.
388 833 509 891 Muralt.
537 834 630 909 praef.
659 854 688 908 p.
707 826 819 915 XXIX)
851 853 906 909 per
936 834 1053 893 litteras
1087 853 1135 893 me

115 921 219 981 docuit
234 920 439 981 Schmiederos
454 923 605 999 gymnasii
619 922 875 1000 Schleusingensis
888 922 1026 982 director.
1057 920 1133 982 Oxo·

114 1013 232 1070 nienses
254 1014 394 1087 excerpta
416 1012 536 1070 tantum
559 1014 667 1090 exigua
689 1014 851 1071 continent.

182 1094 378 1161 Barccciani
396 1090 437 1160 311
461 1101 611 1160 chartacei
634 1102 745 1161 saeculi
763 1100 835 1158 XVI
858 1100 939 1160 foliis
960 1102 1018 1159 67*
1040 1120 1134 1176 usque

115 1189 152 1247 ad
173 1190 229 1248 74τ
247 1188 437 1248 continentur
451 1192 590 1266 excerpta
603 1190 748 1249 historica
765 1187 798 1249 a
815 1196 869 1248 τοῦ
882 1197 1022 1267 χρονικοῦ
1036 1192 1135 1269 Γεωρ-

113 1276 182 1357 γίου
206 1274 274 1357 περὶ
300 1274 445 1356 βασιλέων
472 1277 588 1357 χρόνων
614 1275 762 1338 00111110
787 1275 855 1337 τινὰ
876 1278 1035 1354 inscripta,
1057 1298 1134 1353 quae

113 1369 139 1425 si
162 1367 253 1426 modo
276 1369 346 1427 sunt
369 1365 490 1445 Georgii
508 1368 648 1427 monachi
671 1387 687 1426 e
710 1368 787 1427 libro
811 1366 899 1426 valde
920 1368 1084 1426 retractato
1104 1370 1135 1426 et

112 1457 297 1533 interpolato
307 1457 454 1534 originem
463 1456 583 1515 ducunt.
616 1456 738 1515 Partem
752 1476 854 1515 eorum
868 1456 963 1516 edidit
977 1454 1134 1517 Gramerus

111 1548 144 1604 in
168 1545 332 1605 Anecdotis
351 1545 566 1605 Oxoniensibus
584 1545 651 1606 Vol.
671 1546 715 1603 IV
737 1567 765 1623 p.
786 1548 850 1605 243
861 1565 924 1623 sqq.
961 1545 997 1603 In
1016 1540 1134 1607 Barat-

112 1629 203 1695 010111
227 1624 287 1694 194
319 1634 467 1694 chartacei
495 1635 606 1695 saeculi
629 1635 701 1693 XVI
728 1635 809 1695 101110
834 1637 876 1695 60
903 1654 997 1711 03000
1028 1635 1067 1693 ad
1091 1636 1131 1695 65

112 1725 235 1783 exstant
266 1724 461 1799 inscriptione
498 1742 601 1784 carens
637 1727 824 1800 prooemium
860 1727 890 1783 et
921 1724 1067 1783 nonnulla
1097 1743 1133 1783 ex

111 1814 246 1872 chronici
277 1813 365 1872 iuitio
396 1817 533 1889 excerpta
563 1832 658 1888 usque
688 1813 726 1873 ad
754 1834 782 1890 p.
804 1815 903 1887 93,1.
951 1813 1029 1872 Sunt
1059 1814 1133 1872 haec

111 1920 255 1979 perverso
288 1902 390 1962 ordine
420 1901 527 1961 mutilo
556 1903 686 1962 Metalce
719 1902 857 1962 chronico
888 1904 921 1960 In
953 1901 1132 1962 editIcnibus

111 1990 254 2068 praefixa.
291 1990 413 2050 Partem
427 1990 521 2051 edidit
535 1990 694 2051 Cremerae
716 1991 736 2049 l.
755 1992 774 2050 l.
791 1992 857 2050 Vol.
875 1991 928 2065 IV,
946 2012 975 2066 p.
997 1992 1132 2067 218sqq.

112 2080 210 2149 Quem
242 2079 297 2139 sub
328 2100 375 2139 no.
397 2082 437 2139 19
462 2080 621 2141 Muraltius
651 2082 745 2157 praef.
768 2101 798 2156 p.
821 2080 936 2139 XXVII
968 2080 1132 2140 describere

110 2169 171 2229 eibi
189 2169 310 2229 videtur
323 2167 520 2229 Oroniensem
543 2170 576 2228 F.
596 2171 623 2228 6.
646 2171 686 2228 26
706 2189 738 2229 re
756 2188 828 2228 vera
846 2187 906 2228 non
923 2171 1062 2245 Inspexit,
1081 2169 1133 2227 sed

111 2277 191 2333 qnae
214 2260 352 2333 exposuit
374 2260 406 2317 in
428 2258 645 2318 Baroceianum
671 2260 734 2317 194
758 2259 876 2317 cadunt.
922 2258 1018 2316 Immo
1041 2256 1132 2316 codex

109 2348 164 2406 file
188 2340 382 2408 breutensis
402 2342 437 2424 11,
452 2339 482 2424 6,
497 2339 546 2421 26,
574 2366 652 2406 nune
675 2342 904 2409 Miscellanens
928 2337 986 2408 120
1014 2347 1132 2405 charte-

110 2456 181 2497 ceus
210 2437 322 2495 saeculi
344 2436 415 2495 XIV
439 2438 572 2497 continet
603 2439 635 2495 in
663 2437 744 2497 foliis
774 2438 837 2495 206
868 2454 961 2512 00000
989 2436 1027 2495 ad
1052 2437 1132 2495 228*

111 2528 254 2601 excerpta
266 2526 411 2585 historica
429 2546 462 2601 „e
482 2524 603 2604 Georgii
618 2524 744 2585 Gedreui
762 2526 949 2600 aliorumque
967 2522 1131 2585 chronicis“

111 2607 217 2695 (Cere,
232 2613 366 2688 Catali,
384 2636 414 2692 p.
431 2608 509 2697 691)
525 2612 713 2695 Παρεκβολαὶ
727 2613 760 2675 ἐκ
773 2622 827 2692 τῆς
842 2614 949 2693 βίβλου
962 2622 1015 2674 τοῦ
1033 2635 1132 2693 χρονι-

110 2710 168 2763 κοῦ
191 2705 346 2780 inscripta.

179 2793 292 2869 Magna
320 2812 387 2851 cum
416 2793 622 2869 suppeditaret
653 2794 839 2870 integrorum
870 2792 1015 2852 librorum
1045 2794 1131 2867 copia

111 2901 209 2957 neque
232 2882 305 2941 haec
323 2885 463 2958 excerpta
485 2884 517 2940 in
534 2900 635 2941 meum
658 2902 746 2943 usum
764 2884 900 2942 converti
920 2901 1016 2957 neque
1034 2882 1132 2939 multa

113 2972 184 3046 alia,
208 2990 285 3046 0000
303 2970 352 3031 hic
375 2972 438 3031 11110
456 2973 651 3031 inveniuntur
673 2991 709 3030 ex
726 2974 813 3047 parte
833 2973 954 3030 tantum
976 2990 992 3029 0
1011 2968 1131 3046 Georgii

110 3062 232 3119 nomine
251 3060 412 3136 appellata.
450 3059 531 3130 Quae
546 3058 669 3137 Georgii
686 3079 795 3120 nomen
812 3079 873 3119 non
889 3080 962 3136 prae
980 3078 1011 3118 se
1028 3058 1132 3116 fertmt

111 3168 147 3209 00
171 3147 294 3227 Georgii
316 3168 379 3209 esse
401 3152 434 3208 in
457 3149 705 3209 bibliothecarum
723 3150 869 3227 catalogis
892 3168 980 3224 saepe
1002 3165 1060 3207 non
1084 3148 1130 3205 in·

111 3237 239 3298 dlectur.
276 3237 380 3297 Veluti
403 3238 512 3297 Oxonii
540 3240 661 3313 praeter
682 3239 751 3297 illos
774 3241 835 3299 tres
858 3238 917 3296 duo
940 3237 1132 3296 asservantur

111 3327 183 3387 libri
215 3330 354 3403 excerpta
381 3346 396 3386 e
425 3326 552 3405 Georgio
581 3329 780 3401 continentes,
813 3326 978 3387 Gromwell.
1000 3327 1049 3401 18,
1078 3328 1131 3401 qni

111 3436 140 3493 p.
161 3418 226 3475 312
250 3435 344 3491 usque
367 3417 407 3476 ad
429 3418 494 3476 324
523 3416 782 3476 commentationis
810 3416 847 3475 de
873 3417 939 3475 vita
964 3416 1131 3475 monastica

113 3498 155 3586 (p.
176 3507 250 3581 327,
272 3508 312 3565 12
328 3498 406 3587 sqq.)
439 3510 556 3582 partem
589 3506 708 3565 exhibet
739 3503 772 3565 ἐκ
803 3511 855 3564 τοῦ
887 3511 1026 3584 χρονικοῦ
1059 3519 1131 3562 oev-

111 3592 258 3675 τάγματος
284 3602 337 3655 τοῦ
365 3594 516 3676 Γεωργίον
547 3590 766 3675 παρεκβληθεὶς
795 3592 881 3672 λόγος
907 3589 973 3670 περὶ
1001 3598 1054 3668 τῆς
1081 3588 1131 3651 εὐ-
