<?xml version="1.0" encoding="UTF-8"?>
<!DOCTYPE html PUBLIC "-//W3C//DTD XHTML 1.0 Transitional//EN"
    "http://www.w3.org/TR/xhtml1/DTD/xhtml1-transitional.dtd">
<html xmlns="http://www.w3.org/1999/xhtml" xml:lang="en" lang="en">
 <head>
  <title>
</title>
<meta http-equiv="Content-Type" content="text/html;charset=utf-8" />
  <meta name='ocr-system' content='tesseract 3.04.00' />
  <meta name='ocr-capabilities' content='ocr_page ocr_carea ocr_par ocr_line ocrx_word'/>
</head>
<body>
  <div class='ocr_page' id='page_1' title='image "./georgiimonachic01boorgoog_0105.png"; bbox 0 0 2617 3909; ppageno 0'>
   <div class='ocr_carea' id='block_1_1' title="bbox 543 249 1145 312">
    <p class='ocr_par' dir='ltr' id='par_1_1' title="bbox 543 249 1145 312">
     <span class='ocr_line' id='line_1_1' title="bbox 543 249 1145 312; baseline -0.002 -8"><span class='ocrx_word' id='word_1_1' title='bbox 543 253 732 304; x_wconf 87' lang='lat' dir='ltr'>XPONIKON</span> <span class='ocrx_word' id='word_1_2' title='bbox 1105 249 1145 312; x_wconf 75' lang='grc'><strong><em>17</em></strong></span> 
     </span>
    </p>
   </div>
   <div class='ocr_carea' id='block_1_2' title="bbox 127 395 1197 2636">
    <p class='ocr_par' dir='ltr' id='par_1_2' title="bbox 131 395 1150 777">
     <span class='ocr_line' id='line_1_2' title="bbox 133 395 1147 482; baseline -0.002 -20"><span class='ocrx_word' id='word_1_3' title='bbox 133 420 190 463; x_wconf 90' lang='grc' dir='ltr'><strong><em>σαν</em></strong></span> <span class='ocrx_word' id='word_1_4' title='bbox 218 402 252 462; x_wconf 92' lang='grc' dir='ltr'><strong><em>οί</em></strong></span> <span class='ocrx_word' id='word_1_5' title='bbox 275 402 379 482; x_wconf 81' lang='grc' dir='ltr'><strong><em>πρώην</em></strong></span> <span class='ocrx_word' id='word_1_6' title='bbox 403 395 543 462; x_wconf 77' lang='grc' dir='ltr'><strong><em>Ἰουδαῖοι</em></strong></span> <span class='ocrx_word' id='word_1_7' title='bbox 574 399 623 461; x_wconf 83' lang='grc' dir='ltr'><strong><em>καὶ</em></strong></span> <span class='ocrx_word' id='word_1_8' title='bbox 651 404 845 461; x_wconf 79' lang='grc' dir='ltr'><strong><em>Παλαιστῖνοι</em></strong></span> <span class='ocrx_word' id='word_1_9' title='bbox 876 399 1066 480; x_wconf 85' lang='grc' dir='ltr'><strong><em>καλούμενοι,</em></strong></span> <span class='ocrx_word' id='word_1_10' title='bbox 1097 398 1147 460; x_wconf 77' lang='grc' dir='ltr'><strong><em>καί</em></strong></span> 
     </span>
     <span class='ocr_line' id='line_1_3' title="bbox 133 493 1150 580; baseline -0.005 -18"><span class='ocrx_word' id='word_1_11' title='bbox 133 500 232 580; x_wconf 88' lang='grc' dir='ltr'><strong><em>Σνρία</em></strong></span> <span class='ocrx_word' id='word_1_12' title='bbox 259 495 279 578; x_wconf 83' lang='grc' dir='ltr'><strong><em>ῆ</em></strong></span> <span class='ocrx_word' id='word_1_13' title='bbox 305 493 434 560; x_wconf 79' lang='grc' dir='ltr'>Ἰουδαία</span> <span class='ocrx_word' id='word_1_14' title='bbox 461 497 610 578; x_wconf 87' lang='grc' dir='ltr'><strong><em>κέκληται,</em></strong></span> <span class='ocrx_word' id='word_1_15' title='bbox 641 495 657 558; x_wconf 81' lang='grc' dir='ltr'>ὁ</span> <span class='ocrx_word' id='word_1_16' title='bbox 686 496 718 559; x_wconf 79' lang='grc' dir='ltr'><strong><em>δὲ</em></strong></span> <span class='ocrx_word' id='word_1_17' title='bbox 744 499 829 571; x_wconf 84' lang='grc' dir='ltr'><strong><em>Κίλιξ</em></strong></span> <span class='ocrx_word' id='word_1_18' title='bbox 856 496 888 558; x_wconf 88' lang='grc' dir='ltr'><strong><em>τὸ</em></strong></span> <span class='ocrx_word' id='word_1_19' title='bbox 916 496 1050 560; x_wconf 74' lang='grc' dir='ltr'><strong><em>ἐπελθὸν</em></strong></span> <span class='ocrx_word' id='word_1_20' title='bbox 1071 496 1150 580; x_wconf 79' lang='grc' dir='ltr'><strong><em>αύτῷ</em></strong></span> 
     </span>
     <span class='ocr_line' id='line_1_4' title="bbox 132 593 1146 678; baseline -0.004 -20"><span class='ocrx_word' id='word_1_21' title='bbox 132 604 223 678; x_wconf 88' lang='grc' dir='ltr'><strong><em>κλῐμα</em></strong></span> <span class='ocrx_word' id='word_1_22' title='bbox 250 597 365 659; x_wconf 79' lang='grc' dir='ltr'><strong><em>ἐκάλεσε</em></strong></span> <span class='ocrx_word' id='word_1_23' title='bbox 391 597 544 676; x_wconf 77' lang='grc' dir='ltr'><strong><em>Κιλικίαν,</em></strong></span> <span class='ocrx_word' id='word_1_24' title='bbox 573 596 615 669; x_wconf 91' lang='grc' dir='ltr'><strong><em>είς</em></strong></span> <span class='ocrx_word' id='word_1_25' title='bbox 645 596 678 659; x_wconf 85' lang='grc' dir='ltr'><strong><em>τὸ</em></strong></span> <span class='ocrx_word' id='word_1_26' title='bbox 709 596 787 657; x_wconf 83' lang='grc' dir='ltr'><strong><em>ἴδιον</em></strong></span> <span class='ocrx_word' id='word_1_27' title='bbox 819 595 913 676; x_wconf 86' lang='grc' dir='ltr'><strong><em>όνομα</em></strong></span> <span class='ocrx_word' id='word_1_28' title='bbox 944 594 1064 668; x_wconf 73' lang='grc' dir='ltr'><strong><em>ἕκαστος</em></strong></span> <span class='ocrx_word' id='word_1_29' title='bbox 1094 593 1146 668; x_wconf 84' lang='grc' dir='ltr'><strong><em>τὰς</em></strong></span> 
     </span>
     <span class='ocr_line' id='line_1_5' title="bbox 131 694 545 777; baseline -0.005 -20"><span class='ocrx_word' id='word_1_30' title='bbox 131 697 228 777; x_wconf 81' lang='grc' dir='ltr'><strong><em>χώρας</em></strong></span> <span class='ocrx_word' id='word_1_31' title='bbox 250 694 545 777; x_wconf 71' lang='grc' dir='ltr'><strong><em>προσαγορεύσαντες.</em></strong></span> 
     </span>
    </p>

    <p class='ocr_par' dir='ltr' id='par_1_3' title="bbox 127 783 1197 2636">
     <span class='ocr_line' id='line_1_6' title="bbox 198 783 1186 874; baseline 0 -21"><span class='ocrx_word' id='word_1_32' title='bbox 198 789 250 853; x_wconf 84' lang='grc' dir='ltr'><strong><em>Ἐν</em></strong></span> <span class='ocrx_word' id='word_1_33' title='bbox 283 791 316 854; x_wconf 79' lang='grc' dir='ltr'><strong><em>δὲ</em></strong></span> <span class='ocrx_word' id='word_1_34' title='bbox 346 798 408 866; x_wconf 83' lang='grc' dir='ltr'><strong><em>τοῖς</em></strong></span> <span class='ocrx_word' id='word_1_35' title='bbox 438 793 556 874; x_wconf 85' lang='grc' dir='ltr'><strong><em>χρόνοις</em></strong></span> <span class='ocrx_word' id='word_1_36' title='bbox 587 801 639 872; x_wconf 91' lang='grc' dir='ltr'><strong><em>τῆς</em></strong></span> <span class='ocrx_word' id='word_1_37' title='bbox 671 793 819 872; x_wconf 84' lang='grc' dir='ltr'><strong><em>βασιλείας</em></strong></span> <span class='ocrx_word' id='word_1_38' title='bbox 850 802 903 853; x_wconf 81' lang='grc' dir='ltr'><strong><em>τοῦ</em></strong></span> <span class='ocrx_word' id='word_1_39' title='bbox 936 792 1076 865; x_wconf 89' lang='grc' dir='ltr'><strong><em>Φοίνικος</em></strong></span> <span class='ocrx_word' id='word_1_40' title='bbox 1108 783 1146 870; x_wconf 77' lang='grc' dir='ltr'><strong><em>ἦν</em></strong></span> <span class='ocrx_word' id='word_1_41' title='bbox 1174 813 1186 854; x_wconf 87' lang='grc' dir='ltr'><strong><em>σ</em></strong></span> 
     </span>
     <span class='ocr_line' id='line_1_7' title="bbox 127 886 1147 972; baseline 0 -21"><span class='ocrx_word' id='word_1_42' title='bbox 127 886 277 972; x_wconf 77' lang='grc' dir='ltr'><strong><em>Ἡρακλῆς</em></strong></span> <span class='ocrx_word' id='word_1_43' title='bbox 300 889 316 952; x_wconf 82' lang='grc' dir='ltr'>ὁ</span> <span class='ocrx_word' id='word_1_44' title='bbox 342 890 449 971; x_wconf 83' lang='grc' dir='ltr'><strong><em>Τύριος</em></strong></span> <span class='ocrx_word' id='word_1_45' title='bbox 476 889 525 950; x_wconf 84' lang='grc' dir='ltr'><strong><em>καλ</em></strong></span> <span class='ocrx_word' id='word_1_46' title='bbox 549 891 715 968; x_wconf 82' lang='grc' dir='ltr'><strong><em>φιλόσοφος</em></strong></span> <span class='ocrx_word' id='word_1_47' title='bbox 742 889 792 950; x_wconf 81' lang='grc' dir='ltr'><strong><em>καλ</em></strong></span> <span class='ocrx_word' id='word_1_48' title='bbox 819 899 870 969; x_wconf 90' lang='grc' dir='ltr'><strong><em>τῆς</em></strong></span> <span class='ocrx_word' id='word_1_49' title='bbox 893 890 1037 970; x_wconf 87' lang='grc' dir='ltr'><strong><em>κογχύλης</em></strong></span> <span class='ocrx_word' id='word_1_50' title='bbox 1059 888 1147 966; x_wconf 75' lang='grc' dir='ltr'><strong><em>ἐφεσ-</em></strong></span> 
     </span>
     <span class='ocr_line' id='line_1_8' title="bbox 132 986 1147 1070; baseline -0.001 -20"><span class='ocrx_word' id='word_1_51' title='bbox 132 989 226 1070; x_wconf 82' lang='grc' dir='ltr'><strong><em>ρετής.</em></strong></span> <span class='ocrx_word' id='word_1_52' title='bbox 273 987 462 1070; x_wconf 79' lang='grc' dir='ltr'><strong><em>έωριζόμενος</em></strong></span> <span class='ocrx_word' id='word_1_53' title='bbox 484 987 540 1068; x_wconf 81' lang='grc' dir='ltr'><strong><em>γάρ</em></strong></span> <span class='ocrx_word' id='word_1_54' title='bbox 567 986 615 1049; x_wconf 78' lang='grc' dir='ltr'><strong><em>ἐπί</em></strong></span> <span class='ocrx_word' id='word_1_55' title='bbox 637 986 670 1048; x_wconf 88' lang='grc' dir='ltr'><strong><em>τὸ</em></strong></span> <span class='ocrx_word' id='word_1_56' title='bbox 693 987 839 1069; x_wconf 79' lang='grc' dir='ltr'><strong><em>παράλιον</em></strong></span> <span class='ocrx_word' id='word_1_57' title='bbox 862 986 949 1069; x_wconf 92' lang='grc' dir='ltr'><strong><em>μέρος</em></strong></span> <span class='ocrx_word' id='word_1_58' title='bbox 971 997 1023 1068; x_wconf 91' lang='grc' dir='ltr'><strong><em>τῆς</em></strong></span> <span class='ocrx_word' id='word_1_59' title='bbox 1049 988 1147 1069; x_wconf 88' lang='grc' dir='ltr'><strong><em>Τύρον</em></strong></span> 
     </span>
     <span class='ocr_line' id='line_1_9' title="bbox 133 1081 1146 1166; baseline -0.003 -18"><span class='ocrx_word' id='word_1_60' title='bbox 133 1081 193 1148; x_wconf 79' lang='grc' dir='ltr'><strong><em>εἶδε</em></strong></span> <span class='ocrx_word' id='word_1_61' title='bbox 225 1085 398 1166; x_wconf 77' lang='grc' dir='ltr'><strong><em>ποιμενικὸν</em></strong></span> <span class='ocrx_word' id='word_1_62' title='bbox 434 1086 511 1146; x_wconf 87' lang='grc' dir='ltr'><strong><em>κύνα</em></strong></span> <span class='ocrx_word' id='word_1_63' title='bbox 541 1085 682 1147; x_wconf 75' lang='grc' dir='ltr'><strong><em>ἐσθίοντα</em></strong></span> <span class='ocrx_word' id='word_1_64' title='bbox 713 1086 767 1165; x_wconf 81' lang='grc' dir='ltr'><strong><em>τῆν</em></strong></span> <span class='ocrx_word' id='word_1_65' title='bbox 799 1085 959 1166; x_wconf 79' lang='grc' dir='ltr'><strong><em>λεγομένην</em></strong></span> <span class='ocrx_word' id='word_1_66' title='bbox 991 1086 1146 1165; x_wconf 81' lang='grc' dir='ltr'><strong><em>κογχύλην.</em></strong></span> 
     </span>
     <span class='ocr_line' id='line_1_10' title="bbox 131 1181 1146 1263; baseline -0.002 -19"><span class='ocrx_word' id='word_1_67' title='bbox 131 1183 183 1245; x_wconf 81' lang='grc' dir='ltr'><strong><em>καί</em></strong></span> <span class='ocrx_word' id='word_1_68' title='bbox 210 1192 263 1245; x_wconf 79' lang='grc' dir='ltr'><strong><em>τοῦ</em></strong></span> <span class='ocrx_word' id='word_1_69' title='bbox 290 1182 430 1263; x_wconf 78' lang='grc' dir='ltr'><strong><em>ποιμένος</em></strong></span> <span class='ocrx_word' id='word_1_70' title='bbox 456 1184 628 1262; x_wconf 78' lang='grc' dir='ltr'><strong><em>νομίζοντος</em></strong></span> <span class='ocrx_word' id='word_1_71' title='bbox 660 1184 814 1262; x_wconf 77' lang='grc' dir='ltr'><strong><em>αἱμάσσειν</em></strong></span> <span class='ocrx_word' id='word_1_72' title='bbox 845 1183 897 1245; x_wconf 87' lang='grc' dir='ltr'><strong><em>τὸν</em></strong></span> <span class='ocrx_word' id='word_1_73' title='bbox 924 1184 1015 1263; x_wconf 84' lang='grc' dir='ltr'><strong><em>κύνα,</em></strong></span> <span class='ocrx_word' id='word_1_74' title='bbox 1047 1181 1146 1262; x_wconf 81' lang='grc' dir='ltr'><strong><em>λαβὼν</em></strong></span> 
     </span>
     <span class='ocr_line' id='line_1_11' title="bbox 132 1280 1187 1364; baseline 0.001 -23"><span class='ocrx_word' id='word_1_75' title='bbox 132 1283 228 1344; x_wconf 76' lang='grc' dir='ltr'><strong><em>πότων</em></strong></span> <span class='ocrx_word' id='word_1_76' title='bbox 251 1281 331 1364; x_wconf 85' lang='grc' dir='ltr'><strong><em>έρίον</em></strong></span> <span class='ocrx_word' id='word_1_77' title='bbox 358 1280 418 1342; x_wconf 85' lang='grc' dir='ltr'><strong><em>άπὸ</em></strong></span> <span class='ocrx_word' id='word_1_78' title='bbox 440 1291 500 1342; x_wconf 83' lang='grc' dir='ltr'><strong><em>τῶν</em></strong></span> <span class='ocrx_word' id='word_1_79' title='bbox 522 1281 694 1362; x_wconf 88' lang='grc' dir='ltr'><strong><em>προβάτων,</em></strong></span> <span class='ocrx_word' id='word_1_80' title='bbox 722 1280 772 1342; x_wconf 85' lang='grc' dir='ltr'><strong><em>καὶ</em></strong></span> <span class='ocrx_word' id='word_1_81' title='bbox 799 1280 977 1361; x_wconf 80' lang='grc' dir='ltr'><strong><em>έκμάξαντος</em></strong></span> <span class='ocrx_word' id='word_1_82' title='bbox 1004 1281 1035 1342; x_wconf 91' lang='grc' dir='ltr'><strong><em>τὸ</em></strong></span> <span class='ocrx_word' id='word_1_83' title='bbox 1059 1303 1147 1341; x_wconf 89' lang='grc' dir='ltr'><strong><em>κοιτα-</em></strong></span> <span class='ocrx_word' id='word_1_84' title='bbox 1162 1304 1187 1342; x_wconf 85' lang='grc' dir='ltr'><strong><em>ιο</em></strong></span> 
     </span>
     <span class='ocr_line' id='line_1_12' title="bbox 133 1377 1148 1460; baseline -0.004 -18"><span class='ocrx_word' id='word_1_85' title='bbox 133 1381 300 1460; x_wconf 87' lang='grc' dir='ltr'><strong><em>φερόμενον</em></strong></span> <span class='ocrx_word' id='word_1_86' title='bbox 327 1379 360 1441; x_wconf 84' lang='grc' dir='ltr'><strong><em>έκ</em></strong></span> <span class='ocrx_word' id='word_1_87' title='bbox 386 1388 439 1440; x_wconf 81' lang='grc' dir='ltr'><strong><em>τοῦ</em></strong></span> <span class='ocrx_word' id='word_1_88' title='bbox 467 1378 609 1458; x_wconf 88' lang='grc' dir='ltr'><strong><em>στόματος</em></strong></span> <span class='ocrx_word' id='word_1_89' title='bbox 635 1387 689 1440; x_wconf 79' lang='grc' dir='ltr'><strong><em>τοῦ</em></strong></span> <span class='ocrx_word' id='word_1_90' title='bbox 712 1379 817 1459; x_wconf 79' lang='grc' dir='ltr'><strong><em>κυνός,</em></strong></span> <span class='ocrx_word' id='word_1_91' title='bbox 844 1378 894 1440; x_wconf 78' lang='grc' dir='ltr'><strong><em>καί</em></strong></span> <span class='ocrx_word' id='word_1_92' title='bbox 921 1377 1068 1458; x_wconf 81' lang='grc' dir='ltr'><strong><em>βαφέντος</em></strong></span> <span class='ocrx_word' id='word_1_93' title='bbox 1095 1387 1148 1454; x_wconf 80' lang='grc' dir='ltr'><strong><em>τοῦ</em></strong></span> 
     </span>
     <span class='ocr_line' id='line_1_13' title="bbox 132 1471 1197 1559; baseline -0.001 -21"><span class='ocrx_word' id='word_1_94' title='bbox 132 1477 245 1557; x_wconf 86' lang='grc' dir='ltr'><strong><em>πόκον,</em></strong></span> <span class='ocrx_word' id='word_1_95' title='bbox 277 1475 434 1558; x_wconf 78' lang='grc' dir='ltr'><strong><em>προσέσχεν</em></strong></span> <span class='ocrx_word' id='word_1_96' title='bbox 462 1474 477 1537; x_wconf 83' lang='grc' dir='ltr'>ὁ</span> <span class='ocrx_word' id='word_1_97' title='bbox 500 1472 649 1559; x_wconf 77' lang='grc' dir='ltr'><strong><em>Ἡρακλῆς</em></strong></span> <span class='ocrx_word' id='word_1_98' title='bbox 681 1478 720 1557; x_wconf 79' lang='grc' dir='ltr'><strong><em>μὴ</em></strong></span> <span class='ocrx_word' id='word_1_99' title='bbox 754 1471 830 1539; x_wconf 82' lang='grc' dir='ltr'><strong><em>εἶναι</em></strong></span> <span class='ocrx_word' id='word_1_100' title='bbox 859 1476 929 1538; x_wconf 86' lang='grc' dir='ltr'><strong><em>αύτὸ</em></strong></span> <span class='ocrx_word' id='word_1_101' title='bbox 958 1471 1044 1557; x_wconf 88' lang='grc' dir='ltr'><strong><em>αἷμα,</em></strong></span> <span class='ocrx_word' id='word_1_102' title='bbox 1076 1474 1148 1537; x_wconf 83' lang='grc' dir='ltr'><strong><em>σἰλλά</em></strong></span> <span class='ocrx_word' id='word_1_103' title='bbox 1196 1481 1197 1484; x_wconf 67' lang='grc'>’</span> 
     </span>
     <span class='ocr_line' id='line_1_14' title="bbox 133 1571 1147 1657; baseline 0.001 -22"><span class='ocrx_word' id='word_1_104' title='bbox 133 1575 288 1655; x_wconf 83' lang='grc' dir='ltr'><strong><em>βάμματος</em></strong></span> <span class='ocrx_word' id='word_1_105' title='bbox 310 1575 462 1657; x_wconf 82' lang='grc' dir='ltr'><strong><em>πρόξενον.</em></strong></span> <span class='ocrx_word' id='word_1_106' title='bbox 499 1571 516 1636; x_wconf 78' lang='grc' dir='ltr'>ὃ</span> <span class='ocrx_word' id='word_1_107' title='bbox 539 1574 588 1635; x_wconf 86' lang='grc' dir='ltr'><strong><em>καὶ</em></strong></span> <span class='ocrx_word' id='word_1_108' title='bbox 611 1575 771 1653; x_wconf 80' lang='grc' dir='ltr'><strong><em>θαυμάσας</em></strong></span> <span class='ocrx_word' id='word_1_109' title='bbox 793 1573 834 1649; x_wconf 81' lang='grc' dir='ltr'><strong><em>ὡς</em></strong></span> <span class='ocrx_word' id='word_1_110' title='bbox 852 1574 925 1657; x_wconf 86' lang='grc' dir='ltr'><strong><em>μέγα</em></strong></span> <span class='ocrx_word' id='word_1_111' title='bbox 943 1575 1040 1656; x_wconf 76' lang='grc' dir='ltr'><strong><em>δῶρον</em></strong></span> <span class='ocrx_word' id='word_1_112' title='bbox 1062 1583 1147 1636; x_wconf 80' lang='grc' dir='ltr'><strong><em>τοῦτο</em></strong></span> 
     </span>
     <span class='ocr_line' id='line_1_15' title="bbox 132 1670 1148 1757; baseline 0 -24"><span class='ocrx_word' id='word_1_113' title='bbox 132 1673 302 1755; x_wconf 80' lang='grc' dir='ltr'><strong><em>προσήγαγε</em></strong></span> <span class='ocrx_word' id='word_1_114' title='bbox 330 1679 370 1757; x_wconf 79' lang='grc' dir='ltr'><strong><em>τῷ</em></strong></span> <span class='ocrx_word' id='word_1_115' title='bbox 398 1674 516 1752; x_wconf 87' lang='grc' dir='ltr'><strong><em>βασιλεῖ</em></strong></span> <span class='ocrx_word' id='word_1_116' title='bbox 542 1674 677 1752; x_wconf 84' lang='grc' dir='ltr'><strong><em>Φοίνικι,</em></strong></span> <span class='ocrx_word' id='word_1_117' title='bbox 710 1670 742 1746; x_wconf 78' lang='grc' dir='ltr'><strong><em>ὃς</em></strong></span> <span class='ocrx_word' id='word_1_118' title='bbox 773 1672 823 1734; x_wconf 84' lang='grc' dir='ltr'><strong><em>καί</em></strong></span> <span class='ocrx_word' id='word_1_119' title='bbox 856 1677 965 1752; x_wconf 85' lang='grc' dir='ltr'><strong><em>μᾶλλον</em></strong></span> <span class='ocrx_word' id='word_1_120' title='bbox 997 1671 1148 1754; x_wconf 79' lang='grc' dir='ltr'><strong><em>ἐκπλαγεὶς</em></strong></span> 
     </span>
     <span class='ocr_line' id='line_1_16' title="bbox 132 1769 1187 1854; baseline 0 -22"><span class='ocrx_word' id='word_1_121' title='bbox 132 1770 283 1832; x_wconf 77' lang='grc' dir='ltr'><strong><em>ἐκέλευσεν</em></strong></span> <span class='ocrx_word' id='word_1_122' title='bbox 310 1769 368 1831; x_wconf 85' lang='grc' dir='ltr'><strong><em>άπὸ</em></strong></span> <span class='ocrx_word' id='word_1_123' title='bbox 395 1771 541 1852; x_wconf 82' lang='grc' dir='ltr'><strong><em>κογχύλης</em></strong></span> <span class='ocrx_word' id='word_1_124' title='bbox 568 1770 648 1851; x_wconf 78' lang='grc' dir='ltr'><strong><em>ἔριον</em></strong></span> <span class='ocrx_word' id='word_1_125' title='bbox 671 1772 806 1850; x_wconf 77' lang='grc' dir='ltr'><strong><em>βαφῆναι</em></strong></span> <span class='ocrx_word' id='word_1_126' title='bbox 833 1770 884 1832; x_wconf 79' lang='grc' dir='ltr'><strong><em>καί</em></strong></span> <span class='ocrx_word' id='word_1_127' title='bbox 906 1769 1045 1853; x_wconf 80' lang='grc' dir='ltr'><strong><em>γενέσθαι</em></strong></span> <span class='ocrx_word' id='word_1_128' title='bbox 1068 1769 1147 1854; x_wconf 79' lang='grc' dir='ltr'><strong><em>αύτῷ</em></strong></span> <span class='ocrx_word' id='word_1_129' title='bbox 1162 1793 1187 1832; x_wconf 76' lang='lat'><strong><em>15</em></strong></span> 
     </span>
     <span class='ocr_line' id='line_1_17' title="bbox 133 1853 1148 1951; baseline -0.001 -22"><span class='ocrx_word' id='word_1_130' title='bbox 133 1869 337 1948; x_wconf 86' lang='grc' dir='ltr'><strong><em>περιβόλαιον,</em></strong></span> <span class='ocrx_word' id='word_1_131' title='bbox 365 1867 415 1928; x_wconf 86' lang='grc' dir='ltr'><strong><em>καλ</em></strong></span> <span class='ocrx_word' id='word_1_132' title='bbox 442 1869 520 1930; x_wconf 87' lang='grc' dir='ltr'><strong><em>ούτω</em></strong></span> <span class='ocrx_word' id='word_1_133' title='bbox 547 1877 663 1951; x_wconf 81' lang='grc' dir='ltr'><strong><em>πρῶτος</em></strong></span> <span class='ocrx_word' id='word_1_134' title='bbox 691 1867 819 1950; x_wconf 84' lang='grc' dir='ltr'><strong><em>φορέσας</em></strong></span> <span class='ocrx_word' id='word_1_135' title='bbox 846 1853 882 1930; x_wconf 78' lang='grc' dir='ltr'><strong><em>ἐκ</em></strong></span> <span class='ocrx_word' id='word_1_136' title='bbox 901 1868 1058 1950; x_wconf 83' lang='grc' dir='ltr'><strong><em>πορφύρας</em></strong></span> <span class='ocrx_word' id='word_1_137' title='bbox 1081 1869 1148 1948; x_wconf 82' lang='grc' dir='ltr'><strong><em>ἱμά-</em></strong></span> 
     </span>
     <span class='ocr_line' id='line_1_18' title="bbox 132 1963 1149 2046; baseline 0 -20"><span class='ocrx_word' id='word_1_138' title='bbox 132 1989 208 2046; x_wconf 90' lang='grc' dir='ltr'><strong><em>τιον,</em></strong></span> <span class='ocrx_word' id='word_1_139' title='bbox 233 1966 340 2039; x_wconf 86' lang='grc' dir='ltr'><strong><em>πάντες</em></strong></span> <span class='ocrx_word' id='word_1_140' title='bbox 363 1965 537 2045; x_wconf 79' lang='grc' dir='ltr'><strong><em>ἐθαύμασαν</em></strong></span> <span class='ocrx_word' id='word_1_141' title='bbox 560 1966 616 2045; x_wconf 80' lang='grc' dir='ltr'><strong><em>την</em></strong></span> <span class='ocrx_word' id='word_1_142' title='bbox 638 1965 727 2045; x_wconf 79' lang='grc' dir='ltr'><strong><em>ξένην</em></strong></span> <span class='ocrx_word' id='word_1_143' title='bbox 749 1967 860 2045; x_wconf 92' lang='grc' dir='ltr'><strong><em>ταύτην</em></strong></span> <span class='ocrx_word' id='word_1_144' title='bbox 883 1965 1009 2046; x_wconf 77' lang='grc' dir='ltr'><strong><em>ἐσθῆτα,</em></strong></span> <span class='ocrx_word' id='word_1_145' title='bbox 1036 1963 1076 2044; x_wconf 76' lang='grc' dir='ltr'><strong><em>ῆν</em></strong></span> <span class='ocrx_word' id='word_1_146' title='bbox 1098 1965 1149 2026; x_wconf 78' lang='grc' dir='ltr'><strong><em>καλ</em></strong></span> 
     </span>
     <span class='ocr_line' id='line_1_19' title="bbox 132 2061 1147 2144; baseline -0.001 -19"><span class='ocrx_word' id='word_1_147' title='bbox 132 2063 290 2126; x_wconf 78' lang='grc' dir='ltr'><strong><em>ἐθέσπισεν</em></strong></span> <span class='ocrx_word' id='word_1_148' title='bbox 313 2061 329 2125; x_wconf 81' lang='grc' dir='ltr'>ὁ</span> <span class='ocrx_word' id='word_1_149' title='bbox 355 2064 460 2137; x_wconf 82' lang='grc' dir='ltr'><strong><em>Φοίνιξ</em></strong></span> <span class='ocrx_word' id='word_1_150' title='bbox 488 2062 601 2142; x_wconf 80' lang='grc' dir='ltr'><strong><em>μηδένα</em></strong></span> <span class='ocrx_word' id='word_1_151' title='bbox 628 2073 687 2124; x_wconf 80' lang='grc' dir='ltr'><strong><em>τών</em></strong></span> <span class='ocrx_word' id='word_1_152' title='bbox 714 2063 773 2124; x_wconf 77' lang='grc' dir='ltr'><strong><em>ὑπὸ</em></strong></span> <span class='ocrx_word' id='word_1_153' title='bbox 801 2063 855 2142; x_wconf 78' lang='grc' dir='ltr'><strong><em>την</em></strong></span> <span class='ocrx_word' id='word_1_154' title='bbox 878 2065 1028 2144; x_wconf 84' lang='grc' dir='ltr'><strong><em>βασιλείαν</em></strong></span> <span class='ocrx_word' id='word_1_155' title='bbox 1055 2062 1147 2124; x_wconf 82' lang='grc' dir='ltr'><strong><em>αὐτοῦ</em></strong></span> 
     </span>
     <span class='ocr_line' id='line_1_20' title="bbox 133 2157 1147 2242; baseline -0.002 -20"><span class='ocrx_word' id='word_1_156' title='bbox 133 2166 244 2240; x_wconf 85' lang='grc' dir='ltr'><strong><em>τολμᾶν</em></strong></span> <span class='ocrx_word' id='word_1_157' title='bbox 268 2166 382 2242; x_wconf 84' lang='grc' dir='ltr'><strong><em>φορεῖν,</em></strong></span> <span class='ocrx_word' id='word_1_158' title='bbox 405 2161 433 2222; x_wconf 90' lang='grc' dir='ltr'><strong><em>εί</em></strong></span> <span class='ocrx_word' id='word_1_159' title='bbox 450 2161 519 2240; x_wconf 77' lang='grc' dir='ltr'><strong><em>μήτι</em></strong></span> <span class='ocrx_word' id='word_1_160' title='bbox 542 2160 633 2223; x_wconf 82' lang='grc' dir='ltr'><strong><em>αὐτὸν</em></strong></span> <span class='ocrx_word' id='word_1_161' title='bbox 656 2160 797 2234; x_wconf 75' lang='grc' dir='ltr'><strong><em>καὶτοὺς</em></strong></span> <span class='ocrx_word' id='word_1_162' title='bbox 821 2157 881 2240; x_wconf 80' lang='grc' dir='ltr'><strong><em>μετ’</em></strong></span> <span class='ocrx_word' id='word_1_163' title='bbox 902 2160 994 2222; x_wconf 82' lang='grc' dir='ltr'><strong><em>αὐτὸν</em></strong></span> <span class='ocrx_word' id='word_1_164' title='bbox 1012 2160 1147 2241; x_wconf 89' lang='grc' dir='ltr'><strong><em>βασιλεύ-</em></strong></span> 
     </span>
     <span class='ocr_line' id='line_1_21' title="bbox 132 2256 1188 2341; baseline 0 -21"><span class='ocrx_word' id='word_1_165' title='bbox 132 2277 241 2332; x_wconf 90' lang='grc' dir='ltr'><strong><em>σοντας</em></strong></span> <span class='ocrx_word' id='word_1_166' title='bbox 267 2268 320 2338; x_wconf 90' lang='grc' dir='ltr'><strong><em>τῆς</em></strong></span> <span class='ocrx_word' id='word_1_167' title='bbox 344 2259 489 2338; x_wconf 90' lang='grc' dir='ltr'><strong><em>Φοινίκης</em></strong></span> <span class='ocrx_word' id='word_1_168' title='bbox 516 2259 591 2341; x_wconf 91' lang='grc' dir='ltr'><strong><em>πρὸς</em></strong></span> <span class='ocrx_word' id='word_1_169' title='bbox 613 2259 645 2320; x_wconf 88' lang='grc' dir='ltr'><strong><em>τὸ</em></strong></span> <span class='ocrx_word' id='word_1_170' title='bbox 668 2260 862 2341; x_wconf 80' lang='grc' dir='ltr'><strong><em>γνωρίζεσθαι</em></strong></span> <span class='ocrx_word' id='word_1_171' title='bbox 889 2256 1082 2338; x_wconf 85' lang='grc' dir='ltr'><strong><em>τὸνβασιλέα</em></strong></span> <span class='ocrx_word' id='word_1_172' title='bbox 1106 2264 1147 2341; x_wconf 81' lang='grc' dir='ltr'><strong><em>τῷ</em></strong></span> <span class='ocrx_word' id='word_1_173' title='bbox 1162 2281 1188 2320; x_wconf 78' lang='grc' dir='ltr'><strong><em>ιο</em></strong></span> 
     </span>
     <span class='ocr_line' id='line_1_22' title="bbox 133 2355 1147 2441; baseline -0.002 -23"><span class='ocrx_word' id='word_1_174' title='bbox 133 2363 246 2441; x_wconf 76' lang='grc' dir='ltr'><strong><em>στρατῷ</em></strong></span> <span class='ocrx_word' id='word_1_175' title='bbox 261 2355 311 2417; x_wconf 84' lang='grc' dir='ltr'><strong><em>καὶ</em></strong></span> <span class='ocrx_word' id='word_1_176' title='bbox 329 2355 418 2417; x_wconf 80' lang='grc' dir='ltr'><strong><em>παντί</em></strong></span> <span class='ocrx_word' id='word_1_177' title='bbox 435 2362 475 2440; x_wconf 75' lang='grc' dir='ltr'><strong><em>τῷ</em></strong></span> <span class='ocrx_word' id='word_1_178' title='bbox 488 2357 599 2436; x_wconf 82' lang='grc' dir='ltr'><strong><em>πλήθει</em></strong></span> <span class='ocrx_word' id='word_1_179' title='bbox 613 2357 711 2436; x_wconf 77' lang='grc' dir='ltr'><strong><em>ἕντῆς</em></strong></span> <span class='ocrx_word' id='word_1_180' title='bbox 725 2357 862 2435; x_wconf 89' lang='grc' dir='ltr'><strong><em>τοιαύτης</em></strong></span> <span class='ocrx_word' id='word_1_181' title='bbox 876 2357 1011 2436; x_wconf 75' lang='grc' dir='ltr'><strong><em>ἐσθῆτος.</em></strong></span> <span class='ocrx_word' id='word_1_182' title='bbox 1043 2355 1147 2438; x_wconf 84' lang='grc' dir='ltr'><strong><em>πρώην</em></strong></span> 
     </span>
     <span class='ocr_line' id='line_1_23' title="bbox 132 2452 1147 2536; baseline -0.001 -21"><span class='ocrx_word' id='word_1_183' title='bbox 132 2454 190 2536; x_wconf 84' lang='grc' dir='ltr'><strong><em>γὰρ</em></strong></span> <span class='ocrx_word' id='word_1_184' title='bbox 220 2454 276 2516; x_wconf 88' lang='grc' dir='ltr'><strong><em>ούκ</em></strong></span> <span class='ocrx_word' id='word_1_185' title='bbox 300 2454 461 2536; x_wconf 77' lang='grc' dir='ltr'><strong><em>ἐγίνωσκον</em></strong></span> <span class='ocrx_word' id='word_1_186' title='bbox 494 2455 525 2516; x_wconf 85' lang='grc' dir='ltr'><strong><em>οἱ</em></strong></span> <span class='ocrx_word' id='word_1_187' title='bbox 549 2452 707 2536; x_wconf 78' lang='grc' dir='ltr'><strong><em>άνθρωποι</em></strong></span> <span class='ocrx_word' id='word_1_188' title='bbox 732 2455 854 2534; x_wconf 91' lang='grc' dir='ltr'><strong><em>βάπτειν</em></strong></span> <span class='ocrx_word' id='word_1_189' title='bbox 885 2453 985 2534; x_wconf 84' lang='grc' dir='ltr'><strong><em>χροιὰς</em></strong></span> <span class='ocrx_word' id='word_1_190' title='bbox 1015 2455 1147 2534; x_wconf 82' lang='grc' dir='ltr'><strong><em>ἱματίων,</em></strong></span> 
     </span>
     <span class='ocr_line' id='line_1_24' title="bbox 134 2550 1147 2636; baseline -0.002 -22"><span class='ocrx_word' id='word_1_191' title='bbox 134 2553 209 2614; x_wconf 79' lang='grc' dir='ltr'><strong><em>ὅθεν</em></strong></span> <span class='ocrx_word' id='word_1_192' title='bbox 233 2550 303 2614; x_wconf 79' lang='grc' dir='ltr'><strong><em>οὐδὲ</em></strong></span> <span class='ocrx_word' id='word_1_193' title='bbox 325 2552 434 2636; x_wconf 77' lang='grc' dir='ltr'><strong><em>ῥηιδίως</em></strong></span> <span class='ocrx_word' id='word_1_194' title='bbox 457 2551 630 2632; x_wconf 78' lang='grc' dir='ltr'><strong><em>ὁβασιλεύς</em></strong></span> <span class='ocrx_word' id='word_1_195' title='bbox 652 2551 711 2614; x_wconf 78' lang='grc' dir='ltr'><strong><em>ὑπὸ</em></strong></span> <span class='ocrx_word' id='word_1_196' title='bbox 730 2562 788 2613; x_wconf 84' lang='grc' dir='ltr'><strong><em>τῶν</em></strong></span> <span class='ocrx_word' id='word_1_197' title='bbox 807 2551 950 2631; x_wconf 81' lang='grc' dir='ltr'><strong><em>ύπηκόων</em></strong></span> <span class='ocrx_word' id='word_1_198' title='bbox 973 2551 1147 2634; x_wconf 78' lang='grc' dir='ltr'><strong><em>ἕγνωρίζετο.</em></strong></span> 
     </span>
    </p>
   </div>
   <div class='ocr_carea' id='block_1_3' title="bbox 206 2758 578 2829">
    <p class='ocr_par' dir='ltr' id='par_1_4' title="bbox 206 2758 578 2829">
     <span class='ocr_line' id='line_1_25' title="bbox 206 2758 578 2829; baseline -0.003 -16"><span class='ocrx_word' id='word_1_199' title='bbox 206 2764 294 2813; x_wconf 74' lang='grc'>5-23</span> <span class='ocrx_word' id='word_1_200' title='bbox 313 2758 379 2812; x_wconf 80' lang='lat' dir='ltr'><strong>Mal.</strong></span> <span class='ocrx_word' id='word_1_201' title='bbox 395 2776 424 2828; x_wconf 79' lang='grc' dir='ltr'><strong><em>μ.</em></strong></span> <span class='ocrx_word' id='word_1_202' title='bbox 440 2765 483 2824; x_wconf 78' lang='lat'><strong><em>32,</em></strong></span> <span class='ocrx_word' id='word_1_203' title='bbox 499 2765 578 2829; x_wconf 79' lang='lat' dir='ltr'>lsqq.</span> 
     </span>
    </p>
   </div>
   <div class='ocr_carea' id='block_1_4' title="bbox 132 2916 1148 3337">
    <p class='ocr_par' dir='ltr' id='par_1_5' title="bbox 132 2916 1148 3337">
     <span class='ocr_line' id='line_1_26' title="bbox 180 2916 1148 2989; baseline -0.003 -16"><span class='ocrx_word' id='word_1_204' title='bbox 180 2957 184 2965; x_wconf 91' lang='lat'>.</span> <span class='ocrx_word' id='word_1_205' title='bbox 208 2925 222 2973; x_wconf 94' lang='lat'>1</span> <span class='ocrx_word' id='word_1_206' title='bbox 238 2922 416 2973; x_wconf 84' lang='grc' dir='ltr'><strong><em>παλαιστῑνοι</em></strong></span> <span class='ocrx_word' id='word_1_207' title='bbox 429 2916 511 2988; x_wconf 88' lang='grc' dir='ltr'><strong><em>(-ίνοι</em></strong></span> <span class='ocrx_word' id='word_1_208' title='bbox 525 2919 582 2989; x_wconf 82' lang='lat' dir='ltr'><strong><em>Ac)</em></strong></span> <span class='ocrx_word' id='word_1_209' title='bbox 592 2919 640 2972; x_wconf 83' lang='lat' dir='ltr'><strong><em>AB</em></strong></span> <span class='ocrx_word' id='word_1_210' title='bbox 646 2918 694 2973; x_wconf 76' lang='lat' dir='ltr'><strong><em>GV</em></strong></span> <span class='ocrx_word' id='word_1_211' title='bbox 707 2919 883 2974; x_wconf 84' lang='grc' dir='ltr'><strong><em>παλαιστινοὶ</em></strong></span> <span class='ocrx_word' id='word_1_212' title='bbox 897 2921 985 2988; x_wconf 87' lang='grc' dir='ltr'><strong><em>&lt;-ηνολ</em></strong></span> <span class='ocrx_word' id='word_1_213' title='bbox 999 2917 1032 2988; x_wconf 81' lang='lat' dir='ltr'><strong><em>G)</em></strong></span> <span class='ocrx_word' id='word_1_214' title='bbox 1047 2916 1148 2971; x_wconf 76' lang='lat' dir='ltr'><strong>FGLN</strong></span> 
     </span>
     <span class='ocr_line' id='line_1_27' title="bbox 132 2987 1147 3060; baseline -0.002 -16"><span class='ocrx_word' id='word_1_215' title='bbox 132 2993 342 3045; x_wconf 87' lang='grc' dir='ltr'><strong><em>παλαιστιναῖοι</em></strong></span> <span class='ocrx_word' id='word_1_216' title='bbox 360 2990 390 3044; x_wconf 92' lang='lat' dir='ltr'><strong><em>P.</em></strong></span> <span class='ocrx_word' id='word_1_217' title='bbox 411 3022 443 3030; x_wconf 90' lang='lat'>-</span> <span class='ocrx_word' id='word_1_218' title='bbox 466 2996 482 3044; x_wconf 84' lang='grc'><strong>3</strong></span> <span class='ocrx_word' id='word_1_219' title='bbox 501 2993 584 3060; x_wconf 84' lang='grc' dir='ltr'><strong><em>κλίμα</em></strong></span> <span class='ocrx_word' id='word_1_220' title='bbox 602 2991 628 3043; x_wconf 90' lang='grc' dir='ltr'><strong>Α</strong></span> <span class='ocrx_word' id='word_1_221' title='bbox 650 2993 741 3060; x_wconf 84' lang='grc' dir='ltr'><strong><em>κλῆμα</em></strong></span> <span class='ocrx_word' id='word_1_222' title='bbox 761 2989 805 3043; x_wconf 90' lang='lat' dir='ltr'><strong><em>LP</em></strong></span> <span class='ocrx_word' id='word_1_223' title='bbox 829 2997 920 3060; x_wconf 79' lang='grc' dir='ltr'><strong><em>κτῆμα</em></strong></span> <span class='ocrx_word' id='word_1_224' title='bbox 938 2991 963 3043; x_wconf 78' lang='grc' dir='ltr'><strong>Β</strong></span> <span class='ocrx_word' id='word_1_225' title='bbox 986 2987 1067 3058; x_wconf 88' lang='grc' dir='ltr'><strong><em>ιιλίμα</em></strong></span> <span class='ocrx_word' id='word_1_226' title='bbox 1086 2987 1147 3042; x_wconf 77' lang='lat' dir='ltr'><strong>rell.</strong></span> 
     </span>
     <span class='ocr_line' id='line_1_28' title="bbox 134 3059 1147 3152; baseline -0.002 -38"><span class='ocrx_word' id='word_1_227' title='bbox 134 3093 169 3101; x_wconf 92' lang='lat'><em>-</em></span> <span class='ocrx_word' id='word_1_228' title='bbox 189 3067 205 3114; x_wconf 81' lang='grc'><strong><em>’1</em></strong></span> <span class='ocrx_word' id='word_1_229' title='bbox 225 3059 403 3131; x_wconf 77' lang='grc' dir='ltr'><strong><em>ἐωριζόμενος</em></strong></span> <span class='ocrx_word' id='word_1_230' title='bbox 422 3061 531 3131; x_wconf 58' lang='lat' dir='ltr'><strong>(ml)</strong></span> <span class='ocrx_word' id='word_1_231' title='bbox 550 3062 604 3130; x_wconf 77' lang='grc' dir='ltr'><strong><em>ἐορ.</em></strong></span> <span class='ocrx_word' id='word_1_232' title='bbox 618 3061 645 3114; x_wconf 96' lang='grc' dir='ltr'>Η</span> <span class='ocrx_word' id='word_1_233' title='bbox 665 3061 722 3152; x_wconf 73' lang='grc' dir='ltr'><strong><em>ἔαρ.</em></strong></span> <span class='ocrx_word' id='word_1_234' title='bbox 739 3059 772 3130; x_wconf 81' lang='lat' dir='ltr'><strong><em>G)</em></strong></span> <span class='ocrx_word' id='word_1_235' title='bbox 791 3059 922 3128; x_wconf 82' lang='lat' dir='ltr'><strong>AGLNP</strong></span> <span class='ocrx_word' id='word_1_236' title='bbox 934 3061 999 3114; x_wconf 76' lang='lat' dir='ltr'><strong>Mal.</strong></span> <span class='ocrx_word' id='word_1_237' title='bbox 1019 3078 1147 3128; x_wconf 81' lang='grc' dir='ltr'><strong><em>μετεωρι-</em></strong></span> 
     </span>
     <span class='ocr_line' id='line_1_29' title="bbox 134 3129 1148 3202; baseline -0.004 -14"><span class='ocrx_word' id='word_1_238' title='bbox 134 3131 249 3202; x_wconf 78' lang='grc' dir='ltr'><strong><em>ζόμενος</em></strong></span> <span class='ocrx_word' id='word_1_239' title='bbox 262 3131 390 3186; x_wconf 73' lang='lat' dir='ltr'><strong>BGFVR</strong></span> <span class='ocrx_word' id='word_1_240' title='bbox 408 3140 434 3188; x_wconf 76' lang='lat' dir='ltr'><strong><em>et</em></strong></span> <span class='ocrx_word' id='word_1_241' title='bbox 446 3132 468 3184; x_wconf 82' lang='lat' dir='ltr'>L</span> <span class='ocrx_word' id='word_1_242' title='bbox 482 3150 516 3187; x_wconf 87' lang='lat' dir='ltr'><strong><em>m.</em></strong></span> <span class='ocrx_word' id='word_1_243' title='bbox 530 3137 557 3188; x_wconf 79' lang='lat'><strong><em>2.</em></strong></span> <span class='ocrx_word' id='word_1_244' title='bbox 578 3165 611 3174; x_wconf 90' lang='lat'>-</span> <span class='ocrx_word' id='word_1_245' title='bbox 632 3138 665 3187; x_wconf 86' lang='grc'><strong><em>16</em></strong></span> <span class='ocrx_word' id='word_1_246' title='bbox 684 3152 766 3194; x_wconf 84' lang='grc' dir='ltr'><strong><em>οντος</em></strong></span> <span class='ocrx_word' id='word_1_247' title='bbox 778 3132 839 3186; x_wconf 77' lang='lat' dir='ltr'><strong><em>BR.</em></strong></span> <span class='ocrx_word' id='word_1_248' title='bbox 859 3163 893 3172; x_wconf 92' lang='lat'>-</span> <span class='ocrx_word' id='word_1_249' title='bbox 914 3138 946 3186; x_wconf 89' lang='lat'><strong><em>18</em></strong></span> <span class='ocrx_word' id='word_1_250' title='bbox 966 3130 1060 3199; x_wconf 84' lang='grc' dir='ltr'><strong><em>φοῖνιξ</em></strong></span> <span class='ocrx_word' id='word_1_251' title='bbox 1074 3129 1148 3184; x_wconf 83' lang='lat' dir='ltr'><strong><em>ALV</em></strong></span> 
     </span>
     <span class='ocr_line' id='line_1_30' title="bbox 133 3200 1148 3330; baseline -0.004 -71"><span class='ocrx_word' id='word_1_252' title='bbox 133 3211 160 3259; x_wconf 75' lang='lat' dir='ltr'><strong><em>et</em></strong></span> <span class='ocrx_word' id='word_1_253' title='bbox 177 3203 201 3256; x_wconf 90' lang='lat' dir='ltr'>D</span> <span class='ocrx_word' id='word_1_254' title='bbox 221 3204 268 3258; x_wconf 81' lang='grc' dir='ltr'><strong><em>ειό</em></strong></span> <span class='ocrx_word' id='word_1_255' title='bbox 286 3220 341 3330; x_wconf 70' lang='grc' dir='ltr'><strong><em>ρμο.</em></strong></span> <span class='ocrx_word' id='word_1_256' title='bbox 355 3221 389 3257; x_wconf 85' lang='lat' dir='ltr'><strong><em>m.</em></strong></span> <span class='ocrx_word' id='word_1_257' title='bbox 404 3205 568 3259; x_wconf 68' lang='grc' dir='ltr'><strong><em>οοντιιλοιάε,</em></strong></span> <span class='ocrx_word' id='word_1_258' title='bbox 583 3235 618 3245; x_wconf 85' lang='lat'>—</span> <span class='ocrx_word' id='word_1_259' title='bbox 638 3209 670 3257; x_wconf 88' lang='grc'><strong><em>19</em></strong></span> <span class='ocrx_word' id='word_1_260' title='bbox 691 3203 905 3275; x_wconf 81' lang='grc' dir='ltr'><strong><em>βασιλεύσοντας</em></strong></span> <span class='ocrx_word' id='word_1_261' title='bbox 923 3200 1005 3256; x_wconf 80' lang='lat' dir='ltr'><strong><em>GNP</em></strong></span> <span class='ocrx_word' id='word_1_262' title='bbox 1024 3201 1148 3273; x_wconf 83' lang='grc' dir='ltr'><strong><em>βασιλεύ-</em></strong></span> 
     </span>
     <span class='ocr_line' id='line_1_31' title="bbox 134 3291 287 3337; baseline -0.007 -7"><span class='ocrx_word' id='word_1_263' title='bbox 134 3293 240 3337; x_wconf 86' lang='grc' dir='ltr'><strong><em>σαντας</em></strong></span> <span class='ocrx_word' id='word_1_264' title='bbox 256 3291 287 3329; x_wconf 80' lang='lat' dir='ltr'><strong><em>re</em></strong></span> 
     </span>
    </p>
   </div>
   <div class='ocr_carea' id='block_1_5' title="bbox 207 3411 1148 3541">
    <p class='ocr_par' dir='ltr' id='par_1_6' title="bbox 207 3411 1148 3541">
     <span class='ocr_line' id='line_1_32' title="bbox 207 3411 1148 3541; baseline -0.001 -70"><span class='ocrx_word' id='word_1_265' title='bbox 207 3423 223 3471; x_wconf 80' lang='lat'><strong>9</strong></span> <span class='ocrx_word' id='word_1_266' title='bbox 242 3417 291 3471; x_wconf 87' lang='grc' dir='ltr'><strong><em>ιιαλ</em></strong></span> <span class='ocrx_word' id='word_1_267' title='bbox 308 3416 444 3541; x_wconf 66' lang='grc' dir='ltr'><strong><em>λαβόντος</em></strong></span> <span class='ocrx_word' id='word_1_268' title='bbox 460 3416 490 3470; x_wconf 91' lang='grc' dir='ltr'><strong><em>Ρ,</em></strong></span> <span class='ocrx_word' id='word_1_269' title='bbox 511 3449 545 3457; x_wconf 89' lang='grc'>-</span> <span class='ocrx_word' id='word_1_270' title='bbox 569 3422 602 3470; x_wconf 91' lang='grc'><strong><em>10</em></strong></span> <span class='ocrx_word' id='word_1_271' title='bbox 621 3415 701 3485; x_wconf 81' lang='grc' dir='ltr'><strong><em>ἐρέας</em></strong></span> <span class='ocrx_word' id='word_1_272' title='bbox 719 3411 815 3472; x_wconf 75' lang='grc' dir='ltr'><strong><em>ΡΜοΙ.</em></strong></span> <span class='ocrx_word' id='word_1_273' title='bbox 836 3418 898 3471; x_wconf 76' lang='lat' dir='ltr'><strong><em>item</em></strong></span> <span class='ocrx_word' id='word_1_274' title='bbox 916 3432 939 3470; x_wconf 84' lang='grc' dir='ltr'><strong><em>ο.</em></strong></span> <span class='ocrx_word' id='word_1_275' title='bbox 958 3421 989 3470; x_wconf 77' lang='lat' dir='ltr'><strong><em>lb</em></strong></span> <span class='ocrx_word' id='word_1_276' title='bbox 1007 3413 1095 3483; x_wconf 79' lang='grc' dir='ltr'><strong><em>ἑρίαν.</em></strong></span> <span class='ocrx_word' id='word_1_277' title='bbox 1114 3447 1148 3456; x_wconf 92' lang='grc'>-</span> 
     </span>
    </p>
   </div>
   <div class='ocr_carea' id='block_1_6' title="bbox 135 3485 1148 3780">
    <p class='ocr_par' dir='ltr' id='par_1_7' title="bbox 135 3485 1148 3700">
     <span class='ocr_line' id='line_1_33' title="bbox 136 3485 1148 3609; baseline -0.005 -66"><span class='ocrx_word' id='word_1_278' title='bbox 136 3487 322 3557; x_wconf 79' lang='grc' dir='ltr'><strong><em>ἐκμάσσοντος</em></strong></span> <span class='ocrx_word' id='word_1_279' title='bbox 375 3486 600 3557; x_wconf 83' lang='grc' dir='ltr'><strong><em>(καταμάσσοντα</em></strong></span> <span class='ocrx_word' id='word_1_280' title='bbox 614 3486 700 3558; x_wconf 71' lang='grc' dir='ltr'><strong><em>Μελ).</em></strong></span> <span class='ocrx_word' id='word_1_281' title='bbox 720 3518 753 3554; x_wconf 39' lang='grc' dir='ltr'><em>ἡ</em></span> <span class='ocrx_word' id='word_1_282' title='bbox 774 3494 806 3542; x_wconf 93' lang='grc'><strong><em>11</em></strong></span> <span class='ocrx_word' id='word_1_283' title='bbox 826 3487 981 3558; x_wconf 85' lang='grc' dir='ltr'><strong><em>βάπτοντος</em></strong></span> <span class='ocrx_word' id='word_1_284' title='bbox 998 3489 1057 3556; x_wconf 87' lang='grc' dir='ltr'><strong><em>(-τα</em></strong></span> <span class='ocrx_word' id='word_1_285' title='bbox 1070 3485 1148 3609; x_wconf 46' lang='lat' dir='ltr'>Mali)</span> 
     </span>
     <span class='ocr_line' id='line_1_34' title="bbox 135 3555 1108 3632; baseline -0.001 -19"><span class='ocrx_word' id='word_1_286' title='bbox 135 3560 184 3614; x_wconf 84' lang='grc' dir='ltr'><strong><em>τὸν</em></strong></span> <span class='ocrx_word' id='word_1_287' title='bbox 205 3557 295 3614; x_wconf 88' lang='grc' dir='ltr'><strong><em>πόκον</em></strong></span> <span class='ocrx_word' id='word_1_288' title='bbox 313 3559 410 3613; x_wconf 84' lang='grc' dir='ltr'><strong><em>ΡΜοΙ.</em></strong></span> <span class='ocrx_word' id='word_1_289' title='bbox 430 3589 464 3599; x_wconf 89' lang='grc'>-</span> <span class='ocrx_word' id='word_1_290' title='bbox 489 3565 521 3613; x_wconf 79' lang='lat'><strong><em>21</em></strong></span> <span class='ocrx_word' id='word_1_291' title='bbox 542 3563 579 3632; x_wconf 78' lang='grc' dir='ltr'><strong><em>τῷ</em></strong></span> <span class='ocrx_word' id='word_1_292' title='bbox 594 3558 698 3626; x_wconf 76' lang='grc' dir='ltr'><strong><em>πλήθει</em></strong></span> <span class='ocrx_word' id='word_1_293' title='bbox 721 3558 751 3612; x_wconf 79' lang='grc' dir='ltr'><strong><em>ἐκ</em></strong></span> <span class='ocrx_word' id='word_1_294' title='bbox 771 3565 820 3626; x_wconf 85' lang='grc' dir='ltr'><strong><em>τῆς</em></strong></span> <span class='ocrx_word' id='word_1_295' title='bbox 838 3555 978 3626; x_wconf 81' lang='grc' dir='ltr'><strong><em>φορεσίας.</em></strong></span> <span class='ocrx_word' id='word_1_296' title='bbox 1011 3558 1108 3626; x_wconf 80' lang='grc' dir='ltr'><strong><em>πρώην</em></strong></span> 
     </span>
     <span class='ocr_line' id='line_1_35' title="bbox 135 3630 397 3700; baseline -0.011 -14"><span class='ocrx_word' id='word_1_297' title='bbox 135 3631 312 3700; x_wconf 72' lang='grc' dir='ltr'><strong><em>κτίκιίίίιτςκτ</em></strong></span> <span class='ocrx_word' id='word_1_298' title='bbox 329 3630 397 3684; x_wconf 77' lang='grc' dir='ltr'><strong><em>Μελ.</em></strong></span> 
     </span>
    </p>

    <p class='ocr_par' dir='ltr' id='par_1_8' title="bbox 190 3723 988 3780">
     <span class='ocr_line' id='line_1_36' title="bbox 190 3723 988 3780; baseline -0.003 -9"><span class='ocrx_word' id='word_1_299' title='bbox 190 3729 334 3780; x_wconf 68' lang='lat' dir='ltr'><strong><em>Georgius</em></strong></span> <span class='ocrx_word' id='word_1_300' title='bbox 347 3731 507 3771; x_wconf 66' lang='lat' dir='ltr'><strong><em>Monachus</em></strong></span> <span class='ocrx_word' id='word_1_301' title='bbox 522 3730 556 3770; x_wconf 75' lang='lat' dir='ltr'><strong><em>ed.</em></strong></span> <span class='ocrx_word' id='word_1_302' title='bbox 572 3729 601 3770; x_wconf 82' lang='grc' dir='ltr'><strong><em>(1ο</em></strong></span> <span class='ocrx_word' id='word_1_303' title='bbox 614 3729 683 3768; x_wconf 81' lang='lat' dir='ltr'>Boot.</span> <span class='ocrx_word' id='word_1_304' title='bbox 703 3727 722 3767; x_wconf 92' lang='lat'><strong><em>1.</em></strong></span> <span class='ocrx_word' id='word_1_305' title='bbox 973 3723 988 3769; x_wconf 77' lang='lat'><strong>2</strong></span> 
     </span>
    </p>
   </div>
   <div class='ocr_carea' id='block_1_7' title="bbox 0 0 1316 3909">
    <p class='ocr_par' dir='ltr' id='par_1_9' title="bbox 0 0 1316 3909">
     <span class='ocr_line' id='line_1_37' title="bbox 0 0 1316 3909; baseline 0 0"><span class='ocrx_word' id='word_1_306' title='bbox 0 0 1316 3909; x_wconf 95' lang='lat' dir='ltr'><strong><em> </em></strong></span> 
     </span>
    </p>
   </div>
  </div>
 </body>
</html>
