2617 3909
533 242 734 295 PRAEFATIO
1053 246 1142 297 XLIX

121 389 235 469 Σαούλ,
253 411 283 465 p.
304 392 435 465 251,10
455 387 530 471 Περὶ
548 398 601 469 τῆς
619 391 767 469 βασιλείας
780 385 945 472 Ἵεροβοάμ,
963 415 992 470 p.
1008 396 1082 468 264,
1099 397 1139 453 17

123 477 198 559 Περὶ
219 488 274 557 τῆς
292 480 441 558 βασιλείας
459 479 776 561 Ναβουχοδονόσορος,
798 502 827 557 p.
848 484 955 556 293,1
978 475 1066 562 Ἀρχὴ
1088 492 1141 561 τῆς

121 568 272 647 βασιλείας
299 578 358 628 τῶν
375 562 535 647 Ῥωμαίων.
574 566 641 650 περὶ
661 564 787 630 Ἰουλίου
814 568 957 650 βασιλέως
978 572 1140 652 Καίσαρος,

120 678 150 734 p.
171 660 304 732 311,14
324 652 410 737 Ἀρχὴ
434 666 488 737 τῆς
508 658 657 736 βασιλείας
679 659 814 739 Τιβερίου
832 660 994 741 Καίσαρος,
1017 682 1045 737 p.
1066 663 1140 736 364,

123 749 164 806 12
185 744 261 825 Περὶ
279 755 332 825 τῆς
350 747 499 825 βασιλείας
518 744 670 827 Νέρωνος,
691 770 720 825 p.
741 750 814 823 383,
830 752 848 808 5
869 742 1067 831 (quamquam
1084 753 1140 809 im-

119 838 199 913 perii
221 837 284 895 Titi
306 837 429 895 initium
452 839 482 895 in
508 836 645 896 chronico
664 858 693 913 p.
714 840 822 912 437,3
848 839 967 898 demum
984 832 1139 921 narratur)

120 924 198 1005 Περλ
228 934 282 1003 τῆς
313 924 461 1003 βασιλείας
492 925 579 985 Τίτου
606 926 676 986 υἱοῦ
706 924 935 987 Οὐεσπασιανοῦ
966 923 1000 1001 ὃς
1031 924 1140 1008 ἤρξατο

121 1022 175 1092 τῆς
188 1008 402 1095 Ἱεροσολύμων
420 1015 608 1095 πολυοριιίας.
646 1014 713 1094 περὶ
731 1024 784 1094 τῆς
802 1013 937 1088 ἁλώσεως
949 1009 1141 1096 Ἰερουσαλὴμ

119 1100 170 1163 καλ
197 1112 258 1163 τῶν
285 1103 463 1181 συμβάντων
491 1102 523 1164 ἕν
549 1101 640 1187 αὐτῇ,
667 1126 696 1181 p.
717 1107 795 1179 443,
817 1108 856 1165 17
881 1103 957 1185 Περλ
979 1114 1033 1184 τῆς
1054 1106 1141 1185 βασι-

118 1192 200 1265 λείας
218 1196 416 1271 Δομιτιανοῦ,
443 1213 473 1269 p.
493 1194 573 1268 481,
593 1195 635 1251 20
659 1191 735 1274 Περὶ
761 1203 815 1273 τῆς
840 1194 989 1273 βασιλείας
1011 1199 1140 1273 Διοκλη-

119 1289 225 1341 τιανυῦ
243 1278 293 1340 καὶ
308 1281 504 1360 Μαξιμιανοῦ
523 1291 576 1341 τοῦ
585 1276 775 1362 Ἕριιουλίου,
793 1280 935 1343 ἐντεῦθεν
952 1280 1069 1363 άρχεται
1086 1292 1140 1362 τῆς

118 1370 339 1451 χρονογραφίας
365 1370 524 1449 Θεοφάνης
552 1368 568 1431 ὃ
596 1378 649 1431 τοῦ
673 1364 780 1452 Ἀχροῦ
808 1368 981 1452 ἡγούμενος.
1029 1372 1141 1433 Contra

118 1460 331 1536 inscriptiones
349 1454 436 1540 Ἀρχὴ
460 1468 513 1538 τῆς
536 1460 686 1538 βασιλείας
699 1453 858 1539 Ῥωμαίων.
894 1461 959 1542 περὶ
978 1464 1140 1522 Κωνσταν-

118 1549 204 1609 νίνου
226 1556 280 1609 τοῦ
303 1548 431 1630 μεγάλου
454 1546 596 1628 βασιλέως
617 1570 646 1626 p.
672 1552 751 1625 485,
770 1553 792 1609 4
814 1553 845 1611 ct
867 1550 966 1613 Πάλιν
992 1548 1060 1631 ιτερλ
1086 1559 1140 1612 τοῦ

120 1638 249 1719 μεγάλου
276 1635 419 1717 βασιλέως
447 1658 476 1715 p.
496 1640 575 1713 489,
597 1642 636 1698 21
667 1658 750 1699 εοεαε
782 1642 872 1716 atquc
899 1644 944 1699 in.
959 1641 1027 1700 aliis
1055 1641 1140 1701 libris

119 1728 205 1786 nulla
227 1747 260 1787 rc
282 1728 413 1805 insignes
437 1730 515 1786 sunt.
561 1728 597 1786 In
620 1728 693 1788 folio
717 1730 795 1788 345ῐ
816 1731 886 1805 post
910 1732 1034 1808 genuini
1056 1731 1139 1790 chrc-

118 1819 180 1876 nici
203 1816 294 1875 finem
317 1817 519 1892 subscriptum
541 1820 587 1875 cst
615 1814 671 1889 ἕως
697 1808 755 1877 ὧδε
781 1816 818 1877 τά
843 1815 966 1898 χρονικὰ
988 1819 1139 1900 Γεωρχίου

119 1904 246 1965 καὶτοῦ
273 1902 444 1986 λοχοθέτου.
489 1906 526 1964 In
554 1906 703 1966 101346ι
725 1908 910 1967 continuatio
933 1908 1052 1984 incipit:
1079 1912 1139 1968 Τοῦ

119 1994 298 2071 σοφωτάτου
321 1991 491 2075 λοχοθὲτου.
528 1992 595 2076 περὶ
615 2003 669 2073 τῆς
687 1996 836 2074 βασιλείας
854 1995 979 2075 Μιχαὴλ
997 1994 1047 2056 ιιαλ
1068 1998 1140 2057 Θεο-

118 2084 218 2163 capae
250 2092 303 2162 τῆς
335 2082 428 2143 αὐτοῦ
461 2081 579 2164 μητρός.
625 2085 717 2145 Initio
749 2086 817 2145 folii
845 2087 923 2147 389¹
950 2089 1019 2145 autc
1049 2086 1140 2147 verba

116 2165 350 2255 άντιτιρόσωΙτιοι
378 2174 408 2231 οἳ
433 2170 482 2232 ἐπὶ
509 2176 645 2232 πλεῖστον
672 2195 701 2249 p.
722 2175 801 2248 846,
822 2177 862 2233 15
887 2175 930 2233 ed.
950 2175 1025 2233 Mur.
1049 2175 1139 2234 rubro

119 2264 288 2321 atramento
316 2264 462 2338 scriptum
485 2264 530 2321 cst
553 2261 671 2340 βιβλίον
693 2270 746 2323 τοῦ
768 2262 985 2343 χρονογράφου.
1031 2262 1140 2322 Deficit

116 2352 197 2411 liber
215 2370 308 2426 acqua
327 2369 362 2409 ac
376 2353 430 2410 Mo
450 2354 480 2409 ct
496 2350 531 2411 Oi
548 2353 581 2409 in
599 2354 695 2412 morte
710 2352 838 2412 Romani
851 2351 1002 2429 Lacapcni
1019 2372 1049 2429 p.
1065 2353 1139 2427 851,

121 2443 163 2499 19
179 2440 263 2515 Μαι,
283 2443 373 2515 atquc
393 2440 496 2499 codem
513 2440 602 2499 modo
621 2460 681 2517 quc
698 2441 732 2500 in
749 2442 796 2500 his
815 2442 887 2501 crdo
907 2442 1139 2501 continuationis

115 2530 313 2606 perturbatus
340 2532 392 2587 ast.
440 2528 646 2606 subscriptum
675 2533 721 2589 ast
747 2527 802 2603 ἕως
829 2521 887 2590 ὧδε
913 2530 946 2592 τὸ
968 2527 1060 2610 ιτίρας
1087 2539 1140 2609 τῆς

117 2616 194 2678 κατὰ
226 2614 365 2697 χρονιιιὸν
397 2616 569 2697 διηγήσεως.
614 2618 660 2677 De
689 2620 812 2679 diversis
841 2621 980 2679 manibus
1012 2623 1042 2679 at
1072 2620 1139 2680 aliis

116 2710 208 2768 rebus
236 2706 377 2768 disseruit
403 2706 587 2767 Lauchcrtus
615 2708 635 2769 l.
654 2708 674 2766 1.
696 2729 726 2784 p.
746 2711 819 2767 494.
865 2709 902 2767 In
928 2710 1064 2787 margine
1091 2710 1139 2769 hic

114 2799 183 2857 illic
210 2796 323 2857 scholia
350 2796 399 2855 vel
425 2796 605 2857 vocabulum
633 2796 764 2876 σχόλιον,
796 2818 824 2874 p.
849 2800 966 2872 80,18
995 2799 1040 2858 ed.
1063 2798 1138 2857 Mur.

115 2888 235 2964 pariter
258 2888 348 2961 atquc
370 2887 403 2944 iu
425 2886 480 2944 Mo
502 2885 627 2945 verbnm
649 2884 812 2967 λοχοθάτου
835 2887 1018 2963 adscriptum
1041 2889 1093 2947 cst.

187 2969 424 3036 Ambrosianus
439 2968 460 3034 6
475 2964 533 3034 184
547 2968 607 3035 inf.
623 2968 711 3057 (Am)
727 2976 900 3037 chartaceus
918 2979 964 3037 est
976 2995 1052 3035 saec.
1066 2975 1140 3033 XVI

118 3065 263 3124 foliorum
287 3064 360 3122 328.
402 3063 488 3122 Folia
515 3082 583 3122 cum
610 3067 672 3125 sint
698 3065 776 3124 salac
803 3065 1024 3143 conglutinata,
1055 3064 1139 3123 locus

118 3174 138 3213 a
162 3151 249 3232 μόλις
271 3173 299 3229 p.
320 3154 458 3225 669,15
482 3170 575 3227 usquc
599 3154 638 3211 ad
660 3150 711 3212 καὶ
733 3161 808 3234 γοῦν
830 3175 860 3232 p.
884 3155 1022 3228 675,16
1048 3173 1140 3229 prave

119 3246 189 3319 post
211 3240 287 3301 κατὰ
308 3239 475 3321 παράδοσιν
497 3239 529 3300 τὸ
552 3234 732 3323 ελύαχχίλιον
754 3264 783 3319 p.
805 3246 878 3318 719,
897 3246 914 3302 7
933 3242 1062 3302 insertus
1085 3246 1139 3302 cst.

120 3333 200 3391 Folii
219 3332 298 3390 302¹
315 3330 441 3389 dimidia
463 3348 533 3406 pars
556 3349 652 3391 vacua
670 3335 716 3391 cst
737 3351 833 3408 nequo
856 3336 957 3391 tamen
979 3331 1071 3394 verba
1091 3331 1140 3391 dc·

5 3468 6 3473 ,
120 3424 199 3481 sunt.
232 3420 269 3479 In
282 3420 419 3496 proxima
431 3421 544 3496 pagina
559 3419 619 3479 alia
633 3422 761 3481 scribare
774 3422 882 3497 incipit
894 3440 1009 3480 manus.
1036 3421 1139 3497 Aeque

118 3514 211 3587 atquc
229 3512 262 3567 in
279 3508 314 3569 Oi
333 3508 369 3567 da
386 3528 419 3567 re
438 3509 603 3568 monastica
622 3512 833 3569 commentatio
852 3512 1063 3586 praetermissa
1081 3513 1139 3582 est3

118 3600 246 3659 lacunae
274 3616 393 3674 quoquc
419 3597 451 3655 in
477 3600 630 3674 prooemio
662 3602 693 3657 ct
719 3599 823 3674 paullo
852 3601 921 3675 pont
949 3599 981 3657 in
1008 3597 1140 3657 chronici

176 3706 320 3758 Georgius
333 3705 492 3745 Monachus
509 3706 545 3746 cd.
560 3706 587 3746 dc
602 3707 671 3747 Bccr.
691 3706 710 3747 L
959 3694 978 3747 d
