<?xml version="1.0" encoding="UTF-8"?>
<!DOCTYPE html PUBLIC "-//W3C//DTD XHTML 1.0 Transitional//EN"
    "http://www.w3.org/TR/xhtml1/DTD/xhtml1-transitional.dtd">
<html xmlns="http://www.w3.org/1999/xhtml" xml:lang="en" lang="en">
 <head>
  <title>
</title>
<meta http-equiv="Content-Type" content="text/html;charset=utf-8" />
  <meta name='ocr-system' content='tesseract 3.04.00' />
  <meta name='ocr-capabilities' content='ocr_page ocr_carea ocr_par ocr_line ocrx_word'/>
</head>
<body>
  <div class='ocr_page' id='page_1' title='image "./georgiimonachic01boorgoog_0462.png"; bbox 0 0 2617 3909; ppageno 0'>
   <div class='ocr_carea' id='block_1_1' title="bbox 178 213 875 278">
    <p class='ocr_par' dir='ltr' id='par_1_1' title="bbox 178 213 875 278">
     <span class='ocr_line' id='line_1_1' title="bbox 178 213 875 278; baseline -0.024 1"><span class='ocrx_word' id='word_1_1' title='bbox 178 214 245 278; x_wconf 77' lang='lat'><strong><em>374</em></strong></span> <span class='ocrx_word' id='word_1_2' title='bbox 487 214 674 265; x_wconf 66' lang='lat' dir='ltr'><strong>rmpmor</strong></span> <span class='ocrx_word' id='word_1_3' title='bbox 693 213 875 274; x_wconf 68' lang='grc' dir='ltr'><strong><em>μομεκον</em></strong></span> 
     </span>
    </p>
   </div>
   <div class='ocr_carea' id='block_1_2' title="bbox 77 358 1200 2690">
    <p class='ocr_par' dir='ltr' id='par_1_2' title="bbox 77 358 1200 2690">
     <span class='ocr_line' id='line_1_2' title="bbox 177 358 1198 445; baseline -0.006 -19"><span class='ocrx_word' id='word_1_4' title='bbox 177 373 231 426; x_wconf 91' lang='grc' dir='ltr'><strong><em>τοῦ</em></strong></span> <span class='ocrx_word' id='word_1_5' title='bbox 244 358 400 442; x_wconf 77' lang='grc' dir='ltr'><em>Ῥωμαίου,</em></span> <span class='ocrx_word' id='word_1_6' title='bbox 423 362 642 441; x_wconf 83' lang='grc' dir='ltr'><strong><em>μαθητεύσαντι</em></strong></span> <span class='ocrx_word' id='word_1_7' title='bbox 664 358 697 421; x_wconf 76' lang='grc' dir='ltr'><strong><em>δέ</em></strong></span> <span class='ocrx_word' id='word_1_8' title='bbox 719 358 770 420; x_wconf 83' lang='grc' dir='ltr'><strong><em>καὶ</em></strong></span> <span class='ocrx_word' id='word_1_9' title='bbox 788 361 900 445; x_wconf 82' lang='grc' dir='ltr'><strong><em>Παύλφ</em></strong></span> <span class='ocrx_word' id='word_1_10' title='bbox 923 367 962 444; x_wconf 77' lang='grc' dir='ltr'><strong><em>τῷ</em></strong></span> <span class='ocrx_word' id='word_1_11' title='bbox 983 360 1198 445; x_wconf 84' lang='grc' dir='ltr'><strong><em>συναποστόλφ</em></strong></span> 
     </span>
     <span class='ocr_line' id='line_1_3' title="bbox 176 454 1200 544; baseline -0.003 -21"><span class='ocrx_word' id='word_1_12' title='bbox 176 460 265 542; x_wconf 75' lang='grc' dir='ltr'><strong><em>ἡμῶν</em></strong></span> <span class='ocrx_word' id='word_1_13' title='bbox 286 459 336 522; x_wconf 82' lang='grc' dir='ltr'><strong><em>καλ</em></strong></span> <span class='ocrx_word' id='word_1_14' title='bbox 359 465 491 544; x_wconf 78' lang='grc' dir='ltr'><strong><em>συνεργῷ</em></strong></span> <span class='ocrx_word' id='word_1_15' title='bbox 515 457 547 520; x_wconf 84' lang='grc' dir='ltr'><strong><em>έν</em></strong></span> <span class='ocrx_word' id='word_1_16' title='bbox 569 465 609 543; x_wconf 77' lang='grc' dir='ltr'><strong><em>τῷ</em></strong></span> <span class='ocrx_word' id='word_1_17' title='bbox 627 458 794 542; x_wconf 77' lang='grc' dir='ltr'><em>εὐαγγελίῳ.</em></span> <span class='ocrx_word' id='word_1_18' title='bbox 839 458 890 519; x_wconf 78' lang='grc' dir='ltr'><strong><em>καὶ</em></strong></span> <span class='ocrx_word' id='word_1_19' title='bbox 910 459 1009 539; x_wconf 90' lang='grc' dir='ltr'><strong><em>τρίτον</em></strong></span> <span class='ocrx_word' id='word_1_20' title='bbox 1026 454 1074 519; x_wconf 79' lang='grc' dir='ltr'><strong><em>ἐπ’</em></strong></span> <span class='ocrx_word' id='word_1_21' title='bbox 1096 458 1200 520; x_wconf 77' lang='grc' dir='ltr'><strong><em>αὐτῶν</em></strong></span> 
     </span>
     <span class='ocr_line' id='line_1_4' title="bbox 180 555 1200 641; baseline -0.004 -20"><span class='ocrx_word' id='word_1_22' title='bbox 180 557 344 639; x_wconf 78' lang='grc' dir='ltr'><strong><em>διαλεχθείς</em></strong></span> <span class='ocrx_word' id='word_1_23' title='bbox 367 557 446 641; x_wconf 77' lang='grc' dir='ltr'><strong><em>αύτῷ</em></strong></span> <span class='ocrx_word' id='word_1_24' title='bbox 465 557 508 631; x_wconf 79' lang='grc' dir='ltr'><strong><em>εἰς</em></strong></span> <span class='ocrx_word' id='word_1_25' title='bbox 530 557 581 619; x_wconf 87' lang='grc' dir='ltr'><strong><em>τὸν</em></strong></span> <span class='ocrx_word' id='word_1_26' title='bbox 603 555 670 638; x_wconf 75' lang='grc' dir='ltr'><strong><em>περὶ</em></strong></span> <span class='ocrx_word' id='word_1_27' title='bbox 692 565 752 616; x_wconf 82' lang='grc' dir='ltr'><strong><em>τῶν</em></strong></span> <span class='ocrx_word' id='word_1_28' title='bbox 770 565 933 636; x_wconf 79' lang='grc' dir='ltr'><strong><em>προφητῶν</em></strong></span> <span class='ocrx_word' id='word_1_29' title='bbox 950 555 1041 636; x_wconf 89' lang='grc' dir='ltr'><strong><em>λόγον</em></strong></span> <span class='ocrx_word' id='word_1_30' title='bbox 1058 555 1111 616; x_wconf 78' lang='grc' dir='ltr'><strong><em>καὶ</em></strong></span> <span class='ocrx_word' id='word_1_31' title='bbox 1129 556 1200 638; x_wconf 77' lang='grc' dir='ltr'><strong><em>περὶ</em></strong></span> 
     </span>
     <span class='ocr_line' id='line_1_5' title="bbox 178 651 1200 738; baseline -0.007 -18"><span class='ocrx_word' id='word_1_32' title='bbox 178 664 255 720; x_wconf 87' lang='grc' dir='ltr'><strong><em>θεοῦ</em></strong></span> <span class='ocrx_word' id='word_1_33' title='bbox 286 657 446 738; x_wconf 86' lang='grc' dir='ltr'><strong><em>μοναρχίας</em></strong></span> <span class='ocrx_word' id='word_1_34' title='bbox 477 655 588 735; x_wconf 75' lang='grc' dir='ltr'><strong><em>ἥττησο</em></strong></span> <span class='ocrx_word' id='word_1_35' title='bbox 619 653 711 716; x_wconf 87' lang='grc' dir='ltr'><strong><em>αύτδν</em></strong></span> <span class='ocrx_word' id='word_1_36' title='bbox 739 654 864 734; x_wconf 82' lang='grc' dir='ltr'><em>δυνάμει</em></span> <span class='ocrx_word' id='word_1_37' title='bbox 890 662 943 715; x_wconf 91' lang='grc' dir='ltr'><strong><em>τοῦ</em></strong></span> <span class='ocrx_word' id='word_1_38' title='bbox 973 655 1081 735; x_wconf 81' lang='grc' dir='ltr'><strong><em>κυρίου</em></strong></span> <span class='ocrx_word' id='word_1_39' title='bbox 1110 651 1200 733; x_wconf 81' lang='grc' dir='ltr'><strong><em>ἡμῶν</em></strong></span> 
     </span>
     <span class='ocr_line' id='line_1_6' title="bbox 152 748 1199 835; baseline -0.004 -17"><span class='ocrx_word' id='word_1_40' title='bbox 152 748 274 835; x_wconf 81' lang='grc' dir='ltr'><strong><em>τἸησοῦ</em></strong></span> <span class='ocrx_word' id='word_1_41' title='bbox 292 759 423 834; x_wconf 78' lang='grc' dir='ltr'><strong><em>Χριστοῦ</em></strong></span> <span class='ocrx_word' id='word_1_42' title='bbox 445 751 496 813; x_wconf 86' lang='grc' dir='ltr'><strong><em>καλ</em></strong></span> <span class='ocrx_word' id='word_1_43' title='bbox 518 753 560 826; x_wconf 89' lang='grc' dir='ltr'><strong><em>είς</em></strong></span> <span class='ocrx_word' id='word_1_44' title='bbox 582 750 721 828; x_wconf 77' lang='grc' dir='ltr'><strong><em>ἀφωνίαν</em></strong></span> <span class='ocrx_word' id='word_1_45' title='bbox 743 750 887 831; x_wconf 89' lang='grc' dir='ltr'><strong><em>κατέβαλα</em></strong></span> <span class='ocrx_word' id='word_1_46' title='bbox 910 752 1032 832; x_wconf 80' lang='grc' dir='ltr'><strong><em>φυγάδα</em></strong></span> <span class='ocrx_word' id='word_1_47' title='bbox 1053 775 1084 812; x_wconf 84' lang='grc' dir='ltr'><strong><em>τε</em></strong></span> <span class='ocrx_word' id='word_1_48' title='bbox 1104 751 1199 814; x_wconf 77' lang='grc' dir='ltr'><strong><em>αὐτὸν</em></strong></span> 
     </span>
     <span class='ocr_line' id='line_1_7' title="bbox 177 847 1199 931; baseline -0.002 -17"><span class='ocrx_word' id='word_1_49' title='bbox 177 854 220 926; x_wconf 85' lang='grc' dir='ltr'><strong><em>είς</em></strong></span> <span class='ocrx_word' id='word_1_50' title='bbox 251 853 305 931; x_wconf 75' lang='grc' dir='ltr'><strong><em>τὴν</em></strong></span> <span class='ocrx_word' id='word_1_51' title='bbox 334 847 458 912; x_wconf 87' lang='grc' dir='ltr'><strong><em>Ἰταλίαν</em></strong></span> <span class='ocrx_word' id='word_1_52' title='bbox 489 849 658 928; x_wconf 83' lang='grc' dir='ltr'><strong><em>κατέστησα.</em></strong></span> <span class='ocrx_word' id='word_1_53' title='bbox 702 848 860 931; x_wconf 89' lang='grc' dir='ltr'><strong><em>γενόμενος</em></strong></span> <span class='ocrx_word' id='word_1_54' title='bbox 893 847 939 929; x_wconf 86' lang='grc' dir='ltr'><strong><em>δέ,</em></strong></span> <span class='ocrx_word' id='word_1_55' title='bbox 972 847 1012 921; x_wconf 83' lang='grc' dir='ltr'><strong><em>ὡς</em></strong></span> <span class='ocrx_word' id='word_1_56' title='bbox 1039 849 1136 929; x_wconf 77' lang='grc' dir='ltr'><strong><em>ἔφην,</em></strong></span> <span class='ocrx_word' id='word_1_57' title='bbox 1166 850 1199 912; x_wconf 86' lang='grc' dir='ltr'><strong><em>έν</em></strong></span> 
     </span>
     <span class='ocr_line' id='line_1_8' title="bbox 173 945 1200 1034; baseline -0.002 -23"><span class='ocrx_word' id='word_1_58' title='bbox 173 945 270 1034; x_wconf 80' lang='grc' dir='ltr'><strong><em>Ῥώμη</em></strong></span> <span class='ocrx_word' id='word_1_59' title='bbox 297 949 374 1011; x_wconf 82' lang='grc' dir='ltr'><strong><em>πολύ</em></strong></span> <span class='ocrx_word' id='word_1_60' title='bbox 399 949 454 1028; x_wconf 75' lang='grc' dir='ltr'><strong><em>τὴν</em></strong></span> <span class='ocrx_word' id='word_1_61' title='bbox 477 948 633 1027; x_wconf 74' lang='grc' dir='ltr'><strong><em>ἐκκλησίαν</em></strong></span> <span class='ocrx_word' id='word_1_62' title='bbox 657 947 774 1027; x_wconf 79' lang='grc' dir='ltr'><strong><em>ἐτάραξε</em></strong></span> <span class='ocrx_word' id='word_1_63' title='bbox 797 946 925 1020; x_wconf 82' lang='grc' dir='ltr'><strong><em>πολλοὺς</em></strong></span> <span class='ocrx_word' id='word_1_64' title='bbox 947 945 1123 1028; x_wconf 77' lang='grc' dir='ltr'><strong><em>ἀνατρέπων</em></strong></span> <span class='ocrx_word' id='word_1_65' title='bbox 1147 947 1200 1009; x_wconf 83' lang='grc' dir='ltr'><strong><em>καλ</em></strong></span> 
     </span>
     <span class='ocr_line' id='line_1_9' title="bbox 177 1043 1198 1132; baseline -0.003 -23"><span class='ocrx_word' id='word_1_66' title='bbox 177 1047 271 1132; x_wconf 76' lang='grc' dir='ltr'><strong><em>ἑαυτῷ</em></strong></span> <span class='ocrx_word' id='word_1_67' title='bbox 290 1047 549 1127; x_wconf 78' lang='grc' dir='ltr'><strong><em>περιποιούμενος,</em></strong></span> <span class='ocrx_word' id='word_1_68' title='bbox 576 1044 612 1105; x_wconf 81' lang='grc' dir='ltr'><strong><em>τὰ</em></strong></span> <span class='ocrx_word' id='word_1_69' title='bbox 635 1043 668 1106; x_wconf 79' lang='grc' dir='ltr'><strong><em>δὲ</em></strong></span> <span class='ocrx_word' id='word_1_70' title='bbox 690 1045 767 1123; x_wconf 79' lang='grc' dir='ltr'><strong><em>ἔθνη</em></strong></span> <span class='ocrx_word' id='word_1_71' title='bbox 790 1044 949 1118; x_wconf 79' lang='grc' dir='ltr'><strong><em>ἐξιστάνων</em></strong></span> <span class='ocrx_word' id='word_1_72' title='bbox 973 1054 1083 1130; x_wconf 76' lang='grc' dir='ltr'><strong><em>μαγικῇ</em></strong></span> <span class='ocrx_word' id='word_1_73' title='bbox 1108 1044 1198 1130; x_wconf 86' lang='grc' dir='ltr'><strong><em>τέχνη</em></strong></span> 
     </span>
     <span class='ocr_line' id='line_1_10' title="bbox 178 1139 1198 1228; baseline -0.003 -21"><span class='ocrx_word' id='word_1_74' title='bbox 178 1144 228 1207; x_wconf 87' lang='grc' dir='ltr'><strong><em>καί</em></strong></span> <span class='ocrx_word' id='word_1_75' title='bbox 247 1146 397 1224; x_wconf 84' lang='grc' dir='ltr'><strong><em>δαιμόνων</em></strong></span> <span class='ocrx_word' id='word_1_76' title='bbox 416 1144 556 1228; x_wconf 79' lang='grc' dir='ltr'><strong><em>ένεργείμ,</em></strong></span> <span class='ocrx_word' id='word_1_77' title='bbox 579 1141 619 1215; x_wconf 81' lang='grc' dir='ltr'><strong><em>ὡς</em></strong></span> <span class='ocrx_word' id='word_1_78' title='bbox 636 1144 689 1203; x_wconf 91' lang='grc' dir='ltr'><strong><em>καί</em></strong></span> <span class='ocrx_word' id='word_1_79' title='bbox 705 1165 775 1204; x_wconf 88' lang='grc' dir='ltr'><strong><em>ποτε</em></strong></span> <span class='ocrx_word' id='word_1_80' title='bbox 793 1143 940 1221; x_wconf 83' lang='grc' dir='ltr'><strong><em>μεσούσης</em></strong></span> <span class='ocrx_word' id='word_1_81' title='bbox 958 1139 1070 1224; x_wconf 79' lang='grc' dir='ltr'><strong><em>ἡμέρας</em></strong></span> <span class='ocrx_word' id='word_1_82' title='bbox 1088 1149 1198 1224; x_wconf 89' lang='grc' dir='ltr'><strong><em>προελ-</em></strong></span> 
     </span>
     <span class='ocr_line' id='line_1_11' title="bbox 138 1234 1197 1322; baseline -0.007 -15"><span class='ocrx_word' id='word_1_83' title='bbox 138 1267 164 1307; x_wconf 81' lang='grc' dir='ltr'><strong><em>το</em></strong></span> <span class='ocrx_word' id='word_1_84' title='bbox 177 1243 245 1306; x_wconf 82' lang='grc' dir='ltr'><strong><em>θδιν</em></strong></span> <span class='ocrx_word' id='word_1_85' title='bbox 267 1243 310 1317; x_wconf 90' lang='grc' dir='ltr'><strong><em>είς</em></strong></span> <span class='ocrx_word' id='word_1_86' title='bbox 332 1242 364 1304; x_wconf 84' lang='grc' dir='ltr'><strong><em>τὸ</em></strong></span> <span class='ocrx_word' id='word_1_87' title='bbox 386 1240 515 1322; x_wconf 87' lang='grc' dir='ltr'><strong><em>θέατρον</em></strong></span> <span class='ocrx_word' id='word_1_88' title='bbox 533 1241 722 1322; x_wconf 75' lang='grc' dir='ltr'><strong><em>ἐπηγγείλατο</em></strong></span> <span class='ocrx_word' id='word_1_89' title='bbox 741 1234 781 1300; x_wconf 88' lang='grc' dir='ltr'><strong><em>δι’</em></strong></span> <span class='ocrx_word' id='word_1_90' title='bbox 797 1239 883 1320; x_wconf 90' lang='grc' dir='ltr'><strong><em>ἀέρος</em></strong></span> <span class='ocrx_word' id='word_1_91' title='bbox 901 1238 1078 1319; x_wconf 77' lang='grc' dir='ltr'><strong><em>ἀναπτῆναι.</em></strong></span> <span class='ocrx_word' id='word_1_92' title='bbox 1117 1242 1197 1301; x_wconf 89' lang='grc' dir='ltr'><strong><em>πάν-</em></strong></span> 
     </span>
     <span class='ocr_line' id='line_1_12' title="bbox 176 1331 1196 1424; baseline -0.002 -23"><span class='ocrx_word' id='word_1_93' title='bbox 176 1363 236 1403; x_wconf 89' lang='grc' dir='ltr'><strong><em>των</em></strong></span> <span class='ocrx_word' id='word_1_94' title='bbox 263 1339 296 1402; x_wconf 73' lang='grc' dir='ltr'><strong><em>δὲ</em></strong></span> <span class='ocrx_word' id='word_1_95' title='bbox 324 1338 541 1419; x_wconf 80' lang='grc' dir='ltr'><strong><em>θαυμαζόντων</em></strong></span> <span class='ocrx_word' id='word_1_96' title='bbox 568 1338 616 1400; x_wconf 75' lang='grc' dir='ltr'><strong><em>ἐπὶ</em></strong></span> <span class='ocrx_word' id='word_1_97' title='bbox 642 1339 751 1424; x_wconf 80' lang='grc' dir='ltr'><strong><em>τούτῳ,</em></strong></span> <span class='ocrx_word' id='word_1_98' title='bbox 774 1337 830 1419; x_wconf 77' lang='grc' dir='ltr'><strong><em>ἐγὼ</em></strong></span> <span class='ocrx_word' id='word_1_99' title='bbox 854 1336 968 1420; x_wconf 80' lang='grc' dir='ltr'><strong><em>Πέτρος</em></strong></span> <span class='ocrx_word' id='word_1_100' title='bbox 990 1331 1064 1398; x_wconf 88' lang='grc' dir='ltr'><strong><em>καθ’</em></strong></span> <span class='ocrx_word' id='word_1_101' title='bbox 1085 1337 1196 1400; x_wconf 74' lang='grc' dir='ltr'><strong><em>ἑαυτὸν</em></strong></span> 
     </span>
     <span class='ocr_line' id='line_1_13' title="bbox 177 1434 1196 1520; baseline -0.004 -19"><span class='ocrx_word' id='word_1_102' title='bbox 177 1439 322 1520; x_wconf 83' lang='grc' dir='ltr'><strong><em>ηὐχόμην.</em></strong></span> <span class='ocrx_word' id='word_1_103' title='bbox 367 1437 417 1499; x_wconf 83' lang='grc' dir='ltr'><strong><em>καί</em></strong></span> <span class='ocrx_word' id='word_1_104' title='bbox 445 1438 483 1517; x_wconf 77' lang='grc' dir='ltr'><strong><em>δὴ</em></strong></span> <span class='ocrx_word' id='word_1_105' title='bbox 513 1435 717 1519; x_wconf 79' lang='grc' dir='ltr'><strong><em>μετεωρισθεὶς</em></strong></span> <span class='ocrx_word' id='word_1_106' title='bbox 743 1434 802 1498; x_wconf 79' lang='grc' dir='ltr'><strong><em>ὑπὸ</em></strong></span> <span class='ocrx_word' id='word_1_107' title='bbox 832 1435 982 1514; x_wconf 81' lang='grc' dir='ltr'><strong><em>δαιμόνων</em></strong></span> <span class='ocrx_word' id='word_1_108' title='bbox 1010 1436 1115 1497; x_wconf 75' lang='grc' dir='ltr'><strong><em>ἵπτατο</em></strong></span> <span class='ocrx_word' id='word_1_109' title='bbox 1144 1460 1196 1515; x_wconf 85' lang='grc' dir='ltr'><strong><em>με-</em></strong></span> 
     </span>
     <span class='ocr_line' id='line_1_14' title="bbox 177 1531 1196 1619; baseline -0.004 -21"><span class='ocrx_word' id='word_1_110' title='bbox 177 1537 294 1619; x_wconf 86' lang='grc' dir='ltr'><strong><em>τάρσιος</em></strong></span> <span class='ocrx_word' id='word_1_111' title='bbox 317 1536 358 1608; x_wconf 84' lang='grc' dir='ltr'><strong><em>εἰς</em></strong></span> <span class='ocrx_word' id='word_1_112' title='bbox 380 1536 432 1597; x_wconf 89' lang='grc' dir='ltr'><strong><em>τὸν</em></strong></span> <span class='ocrx_word' id='word_1_113' title='bbox 460 1533 532 1615; x_wconf 88' lang='grc' dir='ltr'><strong><em>ἀέρα</em></strong></span> <span class='ocrx_word' id='word_1_114' title='bbox 558 1532 650 1615; x_wconf 88' lang='grc' dir='ltr'><strong><em>λέγων</em></strong></span> <span class='ocrx_word' id='word_1_115' title='bbox 673 1533 715 1606; x_wconf 88' lang='grc' dir='ltr'><strong><em>είς</em></strong></span> <span class='ocrx_word' id='word_1_116' title='bbox 737 1533 805 1606; x_wconf 84' lang='grc' dir='ltr'><strong><em>τοὺς</em></strong></span> <span class='ocrx_word' id='word_1_117' title='bbox 828 1532 976 1615; x_wconf 77' lang='grc' dir='ltr'><strong><em>οὐρανοὺς</em></strong></span> <span class='ocrx_word' id='word_1_118' title='bbox 999 1531 1117 1595; x_wconf 84' lang='grc' dir='ltr'><strong><em>ἀνιέναι</em></strong></span> <span class='ocrx_word' id='word_1_119' title='bbox 1139 1533 1196 1594; x_wconf 89' lang='grc' dir='ltr'><strong><em>κά-</em></strong></span> 
     </span>
     <span class='ocr_line' id='line_1_15' title="bbox 175 1629 1195 1713; baseline 0 -19"><span class='ocrx_word' id='word_1_120' title='bbox 175 1639 278 1695; x_wconf 83' lang='grc' dir='ltr'><strong><em>κεῖθεν</em></strong></span> <span class='ocrx_word' id='word_1_121' title='bbox 300 1639 360 1707; x_wconf 84' lang='grc' dir='ltr'><strong><em>τοῖς</em></strong></span> <span class='ocrx_word' id='word_1_122' title='bbox 382 1638 465 1706; x_wconf 86' lang='grc' dir='ltr'><strong><em>λαοῖς</em></strong></span> <span class='ocrx_word' id='word_1_123' title='bbox 488 1632 523 1693; x_wconf 84' lang='grc' dir='ltr'><strong><em>τὰ</em></strong></span> <span class='ocrx_word' id='word_1_124' title='bbox 547 1630 649 1713; x_wconf 85' lang='grc' dir='ltr'><strong><em>ἀγαθὰ</em></strong></span> <span class='ocrx_word' id='word_1_125' title='bbox 671 1631 902 1713; x_wconf 78' lang='grc' dir='ltr'><strong><em>έπιχορηγήσειν.</em></strong></span> <span class='ocrx_word' id='word_1_126' title='bbox 947 1639 1006 1691; x_wconf 89' lang='grc' dir='ltr'><strong><em>τῶν</em></strong></span> <span class='ocrx_word' id='word_1_127' title='bbox 1030 1629 1062 1692; x_wconf 76' lang='grc' dir='ltr'><strong><em>δὲ</em></strong></span> <span class='ocrx_word' id='word_1_128' title='bbox 1086 1633 1195 1711; x_wconf 81' lang='grc' dir='ltr'><strong><em>δήμων</em></strong></span> 
     </span>
     <span class='ocr_line' id='line_1_16' title="bbox 136 1727 1196 1810; baseline -0.002 -16"><span class='ocrx_word' id='word_1_129' title='bbox 136 1752 162 1794; x_wconf 83' lang='grc' dir='ltr'><strong><em>ιο</em></strong></span> <span class='ocrx_word' id='word_1_130' title='bbox 177 1730 431 1810; x_wconf 83' lang='grc' dir='ltr'><strong><em>έπευφημούντων</em></strong></span> <span class='ocrx_word' id='word_1_131' title='bbox 453 1729 545 1792; x_wconf 89' lang='grc' dir='ltr'><strong><em>αύτὸν</em></strong></span> <span class='ocrx_word' id='word_1_132' title='bbox 568 1727 608 1803; x_wconf 81' lang='grc' dir='ltr'><strong><em>ὡς</em></strong></span> <span class='ocrx_word' id='word_1_133' title='bbox 631 1728 715 1809; x_wconf 88' lang='grc' dir='ltr'><strong><em>θεόν,</em></strong></span> <span class='ocrx_word' id='word_1_134' title='bbox 738 1728 866 1802; x_wconf 78' lang='grc' dir='ltr'><strong><em>ἐκτείνας</em></strong></span> <span class='ocrx_word' id='word_1_135' title='bbox 889 1727 945 1810; x_wconf 85' lang='grc' dir='ltr'><strong><em>έγδο</em></strong></span> <span class='ocrx_word' id='word_1_136' title='bbox 963 1727 1016 1801; x_wconf 79' lang='grc' dir='ltr'><strong><em>τὰς</em></strong></span> <span class='ocrx_word' id='word_1_137' title='bbox 1032 1735 1133 1810; x_wconf 84' lang='grc' dir='ltr'><strong><em>χεῖρας</em></strong></span> <span class='ocrx_word' id='word_1_138' title='bbox 1152 1732 1196 1804; x_wconf 82' lang='grc' dir='ltr'><strong><em>εἰς</em></strong></span> 
     </span>
     <span class='ocr_line' id='line_1_17' title="bbox 175 1825 1195 1908; baseline -0.003 -17"><span class='ocrx_word' id='word_1_139' title='bbox 175 1830 258 1907; x_wconf 86' lang='grc' dir='ltr'><strong><em>ύψος</em></strong></span> <span class='ocrx_word' id='word_1_140' title='bbox 283 1825 414 1890; x_wconf 76' lang='grc' dir='ltr'><strong><em>ἱκέτευον</em></strong></span> <span class='ocrx_word' id='word_1_141' title='bbox 440 1826 492 1889; x_wconf 88' lang='grc' dir='ltr'><strong><em>τὸν</em></strong></span> <span class='ocrx_word' id='word_1_142' title='bbox 519 1827 594 1889; x_wconf 89' lang='grc' dir='ltr'><strong><em>θεὸν</em></strong></span> <span class='ocrx_word' id='word_1_143' title='bbox 620 1826 798 1908; x_wconf 83' lang='grc' dir='ltr'><strong><em>καταρράξαι</em></strong></span> <span class='ocrx_word' id='word_1_144' title='bbox 824 1827 876 1888; x_wconf 88' lang='grc' dir='ltr'><strong><em>τὸν</em></strong></span> <span class='ocrx_word' id='word_1_145' title='bbox 898 1832 1034 1906; x_wconf 84' lang='grc' dir='ltr'><strong><em>λυμεῶνα</em></strong></span> <span class='ocrx_word' id='word_1_146' title='bbox 1062 1827 1114 1888; x_wconf 88' lang='grc' dir='ltr'><strong><em>καλ</em></strong></span> <span class='ocrx_word' id='word_1_147' title='bbox 1138 1829 1195 1907; x_wconf 76' lang='grc' dir='ltr'><strong><em>τὴν</em></strong></span> 
     </span>
     <span class='ocr_line' id='line_1_18' title="bbox 177 1916 1198 2011; baseline -0.001 -24"><span class='ocrx_word' id='word_1_148' title='bbox 177 1926 261 2008; x_wconf 81' lang='grc' dir='ltr'><strong><em>ἰσχύν</em></strong></span> <span class='ocrx_word' id='word_1_149' title='bbox 292 1936 351 1990; x_wconf 83' lang='grc' dir='ltr'><strong><em>τῶν</em></strong></span> <span class='ocrx_word' id='word_1_150' title='bbox 384 1925 535 2005; x_wconf 90' lang='grc' dir='ltr'><strong><em>δαιμόνων</em></strong></span> <span class='ocrx_word' id='word_1_151' title='bbox 566 1925 736 2005; x_wconf 81' lang='grc' dir='ltr'><strong><em>περικόψαι.</em></strong></span> <span class='ocrx_word' id='word_1_152' title='bbox 785 1923 919 1996; x_wconf 89' lang='grc' dir='ltr'><strong><em>ἀτενίσας</em></strong></span> <span class='ocrx_word' id='word_1_153' title='bbox 948 1916 1004 1985; x_wconf 86' lang='grc' dir='ltr'><strong><em>σύν</em></strong></span> <span class='ocrx_word' id='word_1_154' title='bbox 1035 1919 1125 1986; x_wconf 85' lang='grc' dir='ltr'><strong><em>εἷπον</em></strong></span> <span class='ocrx_word' id='word_1_155' title='bbox 1157 1933 1198 2011; x_wconf 78' lang='grc' dir='ltr'><strong><em>τῷ</em></strong></span> 
     </span>
     <span class='ocr_line' id='line_1_19' title="bbox 176 2017 1195 2105; baseline -0.001 -19"><span class='ocrx_word' id='word_1_156' title='bbox 176 2027 306 2105; x_wconf 89' lang='grc' dir='ltr'><strong><em>Σίμωνι·</em></strong></span> <span class='ocrx_word' id='word_1_157' title='bbox 339 2025 367 2087; x_wconf 89' lang='grc' dir='ltr'><strong><em>εί</em></strong></span> <span class='ocrx_word' id='word_1_158' title='bbox 396 2023 558 2096; x_wconf 91' lang='grc' dir='ltr'><strong><em>ἀπόστολος</em></strong></span> <span class='ocrx_word' id='word_1_159' title='bbox 581 2017 680 2102; x_wconf 81' lang='grc' dir='ltr'><strong><em>Ἰησοῦ</em></strong></span> <span class='ocrx_word' id='word_1_160' title='bbox 707 2026 837 2104; x_wconf 88' lang='grc' dir='ltr'><strong><em>Χριστοῦ</em></strong></span> <span class='ocrx_word' id='word_1_161' title='bbox 864 2021 924 2100; x_wconf 83' lang='grc' dir='ltr'><strong><em>εἰμι</em></strong></span> <span class='ocrx_word' id='word_1_162' title='bbox 947 2019 1011 2102; x_wconf 57' lang='grc' dir='ltr'><strong><em>Ὶἐγὼ</em></strong></span> <span class='ocrx_word' id='word_1_163' title='bbox 1044 2019 1095 2083; x_wconf 82' lang='grc' dir='ltr'><strong><em>καλ</em></strong></span> <span class='ocrx_word' id='word_1_164' title='bbox 1127 2024 1195 2104; x_wconf 84' lang='grc' dir='ltr'><strong><em>ούχλ</em></strong></span> 
     </span>
     <span class='ocr_line' id='line_1_20' title="bbox 176 2121 1195 2207; baseline -0.001 -24"><span class='ocrx_word' id='word_1_165' title='bbox 176 2124 287 2196; x_wconf 87' lang='grc' dir='ltr'><strong><em>πλάνος</em></strong></span> <span class='ocrx_word' id='word_1_166' title='bbox 310 2123 406 2204; x_wconf 79' lang='grc' dir='ltr'><strong><em>ὥσπερ</em></strong></span> <span class='ocrx_word' id='word_1_167' title='bbox 430 2122 477 2201; x_wconf 91' lang='grc' dir='ltr'><strong><em>σύ,</em></strong></span> <span class='ocrx_word' id='word_1_168' title='bbox 501 2123 619 2200; x_wconf 89' lang='grc' dir='ltr'><strong><em>Σίμων,</em></strong></span> <span class='ocrx_word' id='word_1_169' title='bbox 646 2121 819 2202; x_wconf 88' lang='grc' dir='ltr'><strong><em>προστάσσω</em></strong></span> <span class='ocrx_word' id='word_1_170' title='bbox 842 2125 905 2192; x_wconf 88' lang='grc' dir='ltr'><strong><em>ταῖς</em></strong></span> <span class='ocrx_word' id='word_1_171' title='bbox 927 2125 1075 2207; x_wconf 87' lang='grc' dir='ltr'><strong><em>πονηραῖς</em></strong></span> <span class='ocrx_word' id='word_1_172' title='bbox 1098 2122 1195 2182; x_wconf 89' lang='grc' dir='ltr'><strong><em>δυνά-</em></strong></span> 
     </span>
     <span class='ocr_line' id='line_1_21' title="bbox 136 2217 1194 2300; baseline -0.002 -17"><span class='ocrx_word' id='word_1_173' title='bbox 136 2243 163 2284; x_wconf 82' lang='grc' dir='ltr'><strong><em>εο</em></strong></span> <span class='ocrx_word' id='word_1_174' title='bbox 176 2238 260 2300; x_wconf 90' lang='grc' dir='ltr'><strong><em>μεσιν</em></strong></span> <span class='ocrx_word' id='word_1_175' title='bbox 283 2218 408 2298; x_wconf 81' lang='grc' dir='ltr'><strong><em>ἀφεῖναί</em></strong></span> <span class='ocrx_word' id='word_1_176' title='bbox 428 2236 459 2280; x_wconf 86' lang='grc' dir='ltr'><strong><em>σε</em></strong></span> <span class='ocrx_word' id='word_1_177' title='bbox 482 2228 535 2298; x_wconf 79' lang='grc' dir='ltr'><strong><em>τῆς</em></strong></span> <span class='ocrx_word' id='word_1_178' title='bbox 557 2217 730 2297; x_wconf 82' lang='grc' dir='ltr'><strong><em>κρατήσεως.</em></strong></span> <span class='ocrx_word' id='word_1_179' title='bbox 776 2217 825 2279; x_wconf 75' lang='grc' dir='ltr'><strong><em>καὶ</em></strong></span> <span class='ocrx_word' id='word_1_180' title='bbox 848 2227 939 2278; x_wconf 88' lang='grc' dir='ltr'><strong><em>ταῦτα</em></strong></span> <span class='ocrx_word' id='word_1_181' title='bbox 961 2217 1097 2292; x_wconf 78' lang='grc' dir='ltr'><strong><em>εἰπόντος</em></strong></span> <span class='ocrx_word' id='word_1_182' title='bbox 1122 2243 1194 2300; x_wconf 90' lang='grc' dir='ltr'><strong><em>μου,</em></strong></span> 
     </span>
     <span class='ocr_line' id='line_1_22' title="bbox 175 2313 1194 2399; baseline 0.001 -21"><span class='ocrx_word' id='word_1_183' title='bbox 175 2327 352 2399; x_wconf 77' lang='grc' dir='ltr'><strong><em>παραχρῆμα</em></strong></span> <span class='ocrx_word' id='word_1_184' title='bbox 374 2315 541 2396; x_wconf 79' lang='grc' dir='ltr'><strong><em>κατηνέχθη</em></strong></span> <span class='ocrx_word' id='word_1_185' title='bbox 561 2314 632 2394; x_wconf 82' lang='grc' dir='ltr'><strong><em>μετὰ</em></strong></span> <span class='ocrx_word' id='word_1_186' title='bbox 649 2313 724 2396; x_wconf 74' lang='grc' dir='ltr'><strong><em>ἤχου</em></strong></span> <span class='ocrx_word' id='word_1_187' title='bbox 746 2321 856 2377; x_wconf 87' lang='grc' dir='ltr'><strong><em>πολλοῦ</em></strong></span> <span class='ocrx_word' id='word_1_188' title='bbox 879 2314 929 2376; x_wconf 86' lang='grc' dir='ltr'><strong><em>καί</em></strong></span> <span class='ocrx_word' id='word_1_189' title='bbox 948 2317 1118 2397; x_wconf 87' lang='grc' dir='ltr'><strong><em>συνετρίβη,</em></strong></span> <span class='ocrx_word' id='word_1_190' title='bbox 1142 2316 1194 2379; x_wconf 79' lang='grc' dir='ltr'><strong><em>καὶ</em></strong></span> 
     </span>
     <span class='ocr_line' id='line_1_23' title="bbox 175 2407 1194 2496; baseline -0.001 -19"><span class='ocrx_word' id='word_1_191' title='bbox 175 2425 229 2477; x_wconf 92' lang='grc' dir='ltr'><strong><em>τοῦ</em></strong></span> <span class='ocrx_word' id='word_1_192' title='bbox 261 2414 348 2496; x_wconf 85' lang='grc' dir='ltr'><strong><em>ύχλου</em></strong></span> <span class='ocrx_word' id='word_1_193' title='bbox 379 2414 555 2495; x_wconf 81' lang='grc' dir='ltr'><strong><em>βοήσαντος·</em></strong></span> <span class='ocrx_word' id='word_1_194' title='bbox 594 2407 635 2487; x_wconf 89' lang='grc' dir='ltr'><strong><em>είς</em></strong></span> <span class='ocrx_word' id='word_1_195' title='bbox 667 2413 753 2493; x_wconf 89' lang='grc' dir='ltr'><strong><em>θεός,</em></strong></span> <span class='ocrx_word' id='word_1_196' title='bbox 786 2410 821 2473; x_wconf 84' lang='grc' dir='ltr'><strong><em>δν</em></strong></span> <span class='ocrx_word' id='word_1_197' title='bbox 851 2412 964 2491; x_wconf 86' lang='grc' dir='ltr'><strong><em>Πέτρος</em></strong></span> <span class='ocrx_word' id='word_1_198' title='bbox 995 2413 1194 2495; x_wconf 90' lang='grc' dir='ltr'><strong><em>καταγγέλλει.</em></strong></span> 
     </span>
     <span class='ocr_line' id='line_1_24' title="bbox 176 2506 1195 2597; baseline -0.001 -22"><span class='ocrx_word' id='word_1_199' title='bbox 176 2514 269 2589; x_wconf 83' lang='grc' dir='ltr'><strong><em>ούτως</em></strong></span> <span class='ocrx_word' id='word_1_200' title='bbox 292 2511 311 2592; x_wconf 75' lang='grc' dir='ltr'><strong><em>η</em></strong></span> <span class='ocrx_word' id='word_1_201' title='bbox 334 2513 435 2595; x_wconf 80' lang='grc' dir='ltr'><strong><em>πρώτη</em></strong></span> <span class='ocrx_word' id='word_1_202' title='bbox 454 2512 603 2590; x_wconf 77' lang='grc' dir='ltr'><strong><em>κατελύθη</em></strong></span> <span class='ocrx_word' id='word_1_203' title='bbox 621 2520 680 2572; x_wconf 80' lang='grc' dir='ltr'><strong><em>τῶν</em></strong></span> <span class='ocrx_word' id='word_1_204' title='bbox 699 2515 898 2589; x_wconf 83' lang='grc' dir='ltr'><strong><em>Σιμωνιανῦν</em></strong></span> <span class='ocrx_word' id='word_1_205' title='bbox 917 2511 1027 2591; x_wconf 80' lang='grc' dir='ltr'><strong><em>αἵρεσις</em></strong></span> <span class='ocrx_word' id='word_1_206' title='bbox 1045 2509 1079 2571; x_wconf 81' lang='grc' dir='ltr'><strong><em>έν</em></strong></span> <span class='ocrx_word' id='word_1_207' title='bbox 1091 2506 1195 2597; x_wconf 77' lang='grc' dir='ltr'><strong><em>Ἧάμη</em></strong></span> 
     </span>
     <span class='ocr_line' id='line_1_25' title="bbox 77 2605 1195 2690; baseline 0 -18"><span class='ocrx_word' id='word_1_208' title='bbox 77 2626 115 2666; x_wconf 71' lang='lat'><strong><em>2⁷7</em></strong></span> <span class='ocrx_word' id='word_1_209' title='bbox 129 2610 226 2672; x_wconf 76' lang='grc' dir='ltr'><strong><em>Μ.καλ</em></strong></span> <span class='ocrx_word' id='word_1_210' title='bbox 252 2609 349 2671; x_wconf 88' lang='grc' dir='ltr'><strong><em>τέλεον</em></strong></span> <span class='ocrx_word' id='word_1_211' title='bbox 376 2609 499 2690; x_wconf 84' lang='grc' dir='ltr'><strong><em>ἀπέσβη.</em></strong></span> <span class='ocrx_word' id='word_1_212' title='bbox 550 2608 597 2670; x_wconf 88' lang='grc' dir='ltr'><strong><em>διὸ</em></strong></span> <span class='ocrx_word' id='word_1_213' title='bbox 626 2608 664 2687; x_wconf 79' lang='grc' dir='ltr'><strong><em>δη</em></strong></span> <span class='ocrx_word' id='word_1_214' title='bbox 693 2607 742 2669; x_wconf 89' lang='grc' dir='ltr'><strong><em>καλ</em></strong></span> <span class='ocrx_word' id='word_1_215' title='bbox 769 2607 824 2688; x_wconf 74' lang='grc' dir='ltr'><strong><em>την</em></strong></span> <span class='ocrx_word' id='word_1_216' title='bbox 851 2605 963 2690; x_wconf 76' lang='grc' dir='ltr'><strong><em>ἡμέραν</em></strong></span> <span class='ocrx_word' id='word_1_217' title='bbox 991 2607 1109 2688; x_wconf 77' lang='grc' dir='ltr'><strong><em>ἐκείνην</em></strong></span> <span class='ocrx_word' id='word_1_218' title='bbox 1139 2620 1195 2672; x_wconf 87' lang='grc' dir='ltr'><strong><em>τοῦ</em></strong></span> 
     </span>
    </p>
   </div>
   <div class='ocr_carea' id='block_1_3' title="bbox 248 2769 661 2840">
    <p class='ocr_par' dir='ltr' id='par_1_3' title="bbox 248 2769 661 2840">
     <span class='ocr_line' id='line_1_26' title="bbox 248 2769 661 2840; baseline -0.005 -14"><span class='ocrx_word' id='word_1_219' title='bbox 248 2776 344 2826; x_wconf 80' lang='lat'>6-24-</span> <span class='ocrx_word' id='word_1_220' title='bbox 354 2770 447 2825; x_wconf 73' lang='lat' dir='ltr'><strong>Const.</strong></span> <span class='ocrx_word' id='word_1_221' title='bbox 461 2771 559 2840; x_wconf 79' lang='lat' dir='ltr'>Apost.</span> <span class='ocrx_word' id='word_1_222' title='bbox 574 2769 621 2839; x_wconf 83' lang='lat' dir='ltr'><strong><em>VI,</em></strong></span> <span class='ocrx_word' id='word_1_223' title='bbox 636 2777 661 2824; x_wconf 85' lang='grc'><strong><em>9.</em></strong></span> 
     </span>
    </p>
   </div>
   <div class='ocr_carea' id='block_1_4' title="bbox 176 2891 1197 3324">
    <p class='ocr_par' dir='ltr' id='par_1_4' title="bbox 176 2891 1197 3324">
     <span class='ocr_line' id='line_1_27' title="bbox 248 2891 1195 2967; baseline 0 -17"><span class='ocrx_word' id='word_1_224' title='bbox 248 2903 264 2950; x_wconf 79' lang='lat'><strong>2</strong></span> <span class='ocrx_word' id='word_1_225' title='bbox 284 2896 393 2950; x_wconf 81' lang='grc' dir='ltr'><strong><em>έπαντῶ</em></strong></span> <span class='ocrx_word' id='word_1_226' title='bbox 407 2895 433 2948; x_wconf 88' lang='grc' dir='ltr'><strong>Α</strong></span> <span class='ocrx_word' id='word_1_227' title='bbox 451 2891 498 2950; x_wconf 80' lang='grc' dir='ltr'><strong><em>ἐπ’</em></strong></span> <span class='ocrx_word' id='word_1_228' title='bbox 515 2895 602 2950; x_wconf 76' lang='grc' dir='ltr'><strong><em>αὐτόν</em></strong></span> <span class='ocrx_word' id='word_1_229' title='bbox 616 2895 646 2948; x_wconf 93' lang='grc' dir='ltr'><strong><em>Β.</em></strong></span> <span class='ocrx_word' id='word_1_230' title='bbox 663 2926 696 2934; x_wconf 94' lang='grc'>-</span> <span class='ocrx_word' id='word_1_231' title='bbox 712 2899 728 2948; x_wconf 79' lang='grc' dir='ltr'><strong><em>ό</em></strong></span> <span class='ocrx_word' id='word_1_232' title='bbox 742 2892 896 2967; x_wconf 86' lang='grc' dir='ltr'><strong><em>κατέβαλον</em></strong></span> <span class='ocrx_word' id='word_1_233' title='bbox 910 2894 935 2948; x_wconf 87' lang='lat' dir='ltr'>V</span> <span class='ocrx_word' id='word_1_234' title='bbox 953 2914 1025 2948; x_wconf 89' lang='grc' dir='ltr'><strong><em>κατα</em></strong></span> <span class='ocrx_word' id='word_1_235' title='bbox 1044 2896 1122 2950; x_wconf 80' lang='grc' dir='ltr'><strong><em>αλὼυ</em></strong></span> <span class='ocrx_word' id='word_1_236' title='bbox 1141 2913 1195 2952; x_wconf 84' lang='lat' dir='ltr'><strong><em>om.</em></strong></span> 
     </span>
     <span class='ocr_line' id='line_1_28' title="bbox 176 2965 1196 3058; baseline -0.002 -34"><span class='ocrx_word' id='word_1_237' title='bbox 176 2985 228 3038; x_wconf 74' lang='lat' dir='ltr'><strong><em>seq.</em></strong></span> <span class='ocrx_word' id='word_1_238' title='bbox 243 2986 272 3022; x_wconf 87' lang='grc' dir='ltr'><strong><em>τε</em></strong></span> <span class='ocrx_word' id='word_1_239' title='bbox 286 2965 414 3021; x_wconf 76' lang='lat' dir='ltr'><strong>ROonst.</strong></span> <span class='ocrx_word' id='word_1_240' title='bbox 430 2998 463 3006; x_wconf 92' lang='lat'>—</span> <span class='ocrx_word' id='word_1_241' title='bbox 482 2972 498 3019; x_wconf 85' lang='grc'><strong>9</strong></span> <span class='ocrx_word' id='word_1_242' title='bbox 517 2967 683 3034; x_wconf 83' lang='grc' dir='ltr'><strong><em>προσελθὼν</em></strong></span> <span class='ocrx_word' id='word_1_243' title='bbox 696 2965 730 3019; x_wconf 88' lang='lat' dir='ltr'><strong><em>N.</em></strong></span> <span class='ocrx_word' id='word_1_244' title='bbox 747 2998 780 3007; x_wconf 92' lang='lat'><em>—</em></span> <span class='ocrx_word' id='word_1_245' title='bbox 797 2972 829 3020; x_wconf 85' lang='lat'><strong><em>11</em></strong></span> <span class='ocrx_word' id='word_1_246' title='bbox 846 2967 891 3020; x_wconf 77' lang='grc' dir='ltr'><strong><em>ἐπλ</em></strong></span> <span class='ocrx_word' id='word_1_247' title='bbox 903 2965 985 3058; x_wconf 73' lang='grc' dir='ltr'><strong><em>τούτο</em></strong></span> <span class='ocrx_word' id='word_1_248' title='bbox 1046 2966 1196 3022; x_wconf 77' lang='grc' dir='ltr'><strong><em>ἐπὶτοῦτο</em></strong></span> 
     </span>
     <span class='ocr_line' id='line_1_29' title="bbox 177 3037 1197 3192; baseline -0.001 -27"><span class='ocrx_word' id='word_1_249' title='bbox 177 3037 1018 3192; x_wconf 33' lang='lat' dir='ltr'><strong><em>{affige-2024021333272²ffl02¹555:aess53513225</em></strong></span> <span class='ocrx_word' id='word_1_250' title='bbox 1036 3037 1073 3149; x_wconf 67' lang='grc' dir='ltr'><strong><em>λ·</em></strong></span> <span class='ocrx_word' id='word_1_251' title='bbox 1092 3070 1129 3162; x_wconf 64' lang='grc' dir='ltr'><strong><em>κ</em></strong></span> <span class='ocrx_word' id='word_1_252' title='bbox 1148 3039 1197 3164; x_wconf 65' lang='grc' dir='ltr'><strong><em>ῑέἓ</em></strong></span> 
     </span>
     <span class='ocr_line' id='line_1_30' title="bbox 176 3178 1196 3324; baseline 0.002 -91"><span class='ocrx_word' id='word_1_253' title='bbox 176 3178 380 3324; x_wconf 46' lang='lat' dir='ltr'><strong><em>{zffizffrffi&#39;</em></strong></span> <span class='ocrx_word' id='word_1_254' title='bbox 405 3213 438 3221; x_wconf 95' lang='lat'><em>-</em></span> <span class='ocrx_word' id='word_1_255' title='bbox 461 3179 568 3252; x_wconf 80' lang='grc' dir='ltr'><strong><em>ἀπέσβη</em></strong></span> <span class='ocrx_word' id='word_1_256' title='bbox 582 3180 630 3233; x_wconf 88' lang='lat' dir='ltr'><strong><em>AP</em></strong></span> <span class='ocrx_word' id='word_1_257' title='bbox 647 3181 683 3247; x_wconf 79' lang='lat' dir='ltr'><strong><em>cs.</em></strong></span> <span class='ocrx_word' id='word_1_258' title='bbox 704 3180 768 3233; x_wconf 81' lang='lat' dir='ltr'>Eus.</span> <span class='ocrx_word' id='word_1_259' title='bbox 788 3179 859 3234; x_wconf 77' lang='lat' dir='ltr'><strong>H1st.</strong></span> <span class='ocrx_word' id='word_1_260' title='bbox 880 3179 998 3246; x_wconf 75' lang='grc' dir='ltr'><strong><em>εοο1.Π,</em></strong></span> <span class='ocrx_word' id='word_1_261' title='bbox 1019 3185 1105 3247; x_wconf 78' lang='lat'>15,1.</span> <span class='ocrx_word' id='word_1_262' title='bbox 1137 3181 1196 3235; x_wconf 80' lang='grc' dir='ltr'><strong><em>άπ-</em></strong></span> 
     </span>
    </p>
   </div>
   <div class='ocr_carea' id='block_1_5' title="bbox 178 3371 1196 3662">
    <p class='ocr_par' dir='ltr' id='par_1_5' title="bbox 178 3371 1196 3662">
     <span class='ocr_line' id='line_1_31' title="bbox 250 3371 1195 3444; baseline 0 -16"><span class='ocrx_word' id='word_1_263' title='bbox 250 3380 266 3428; x_wconf 81' lang='grc'><strong>3</strong></span> <span class='ocrx_word' id='word_1_264' title='bbox 285 3375 325 3438; x_wconf 85' lang='grc' dir='ltr'><strong><em>είς</em></strong></span> <span class='ocrx_word' id='word_1_265' title='bbox 342 3375 391 3429; x_wconf 84' lang='grc' dir='ltr'><strong><em>τὸν</em></strong></span> <span class='ocrx_word' id='word_1_266' title='bbox 409 3375 474 3443; x_wconf 85' lang='grc' dir='ltr'><strong><em>περί</em></strong></span> <span class='ocrx_word' id='word_1_267' title='bbox 491 3383 541 3427; x_wconf 87' lang='grc' dir='ltr'><strong><em>τοῦ</em></strong></span> <span class='ocrx_word' id='word_1_268' title='bbox 555 3371 716 3443; x_wconf 75' lang='grc' dir='ltr'><strong><em>εὐαγγελίου</em></strong></span> <span class='ocrx_word' id='word_1_269' title='bbox 735 3371 818 3444; x_wconf 89' lang='grc' dir='ltr'><strong><em>λόγον</em></strong></span> <span class='ocrx_word' id='word_1_270' title='bbox 836 3375 885 3428; x_wconf 87' lang='grc' dir='ltr'><strong><em>καλ</em></strong></span> <span class='ocrx_word' id='word_1_271' title='bbox 900 3383 955 3430; x_wconf 78' lang='grc' dir='ltr'><strong><em>τῶν</em></strong></span> <span class='ocrx_word' id='word_1_272' title='bbox 969 3383 1122 3444; x_wconf 84' lang='grc' dir='ltr'><strong><em>προφητῶν</em></strong></span> <span class='ocrx_word' id='word_1_273' title='bbox 1142 3377 1195 3429; x_wconf 82' lang='grc' dir='ltr'><strong><em>καλ</em></strong></span> 
     </span>
     <span class='ocr_line' id='line_1_32' title="bbox 178 3443 1196 3514; baseline 0.003 -17"><span class='ocrx_word' id='word_1_274' title='bbox 178 3446 242 3512; x_wconf 79' lang='grc' dir='ltr'><strong><em>περὶ</em></strong></span> <span class='ocrx_word' id='word_1_275' title='bbox 263 3448 335 3499; x_wconf 86' lang='grc' dir='ltr'><strong><em>θεοῦ</em></strong></span> <span class='ocrx_word' id='word_1_276' title='bbox 353 3446 383 3499; x_wconf 93' lang='lat' dir='ltr'><strong><em>P.</em></strong></span> <span class='ocrx_word' id='word_1_277' title='bbox 409 3477 442 3484; x_wconf 97' lang='lat'><em>-</em></span> <span class='ocrx_word' id='word_1_278' title='bbox 465 3451 482 3498; x_wconf 86' lang='grc'>4</span> <span class='ocrx_word' id='word_1_279' title='bbox 501 3443 619 3511; x_wconf 79' lang='grc' dir='ltr'><strong><em>ἡττήσας</em></strong></span> <span class='ocrx_word' id='word_1_280' title='bbox 641 3445 728 3498; x_wconf 86' lang='grc' dir='ltr'><strong><em>αύτὸν</em></strong></span> <span class='ocrx_word' id='word_1_281' title='bbox 751 3443 869 3514; x_wconf 84' lang='grc' dir='ltr'><strong><em>δυνάμει</em></strong></span> <span class='ocrx_word' id='word_1_282' title='bbox 891 3454 940 3500; x_wconf 87' lang='grc' dir='ltr'><strong><em>τοῦ</em></strong></span> <span class='ocrx_word' id='word_1_283' title='bbox 959 3443 1058 3513; x_wconf 84' lang='grc' dir='ltr'><strong><em>κυρίου</em></strong></span> <span class='ocrx_word' id='word_1_284' title='bbox 1081 3447 1131 3500; x_wconf 84' lang='grc' dir='ltr'><strong><em>καλ</em></strong></span> <span class='ocrx_word' id='word_1_285' title='bbox 1151 3448 1196 3510; x_wconf 82' lang='grc' dir='ltr'><strong><em>εἰς</em></strong></span> 
     </span>
     <span class='ocr_line' id='line_1_33' title="bbox 179 3511 1195 3586; baseline 0.004 -19"><span class='ocrx_word' id='word_1_286' title='bbox 179 3515 231 3581; x_wconf 87' lang='grc' dir='ltr'><strong><em>άφ.</em></strong></span> <span class='ocrx_word' id='word_1_287' title='bbox 245 3517 408 3586; x_wconf 84' lang='grc' dir='ltr'><strong><em>καταβαλὼν</em></strong></span> <span class='ocrx_word' id='word_1_288' title='bbox 428 3534 493 3584; x_wconf 90' lang='grc' dir='ltr'><strong><em>φυγ.</em></strong></span> <span class='ocrx_word' id='word_1_289' title='bbox 508 3511 661 3582; x_wconf 85' lang='grc' dir='ltr'><strong><em>κατέστησα</em></strong></span> <span class='ocrx_word' id='word_1_290' title='bbox 680 3514 719 3576; x_wconf 84' lang='grc' dir='ltr'><strong><em>είς</em></strong></span> <span class='ocrx_word' id='word_1_291' title='bbox 734 3515 785 3583; x_wconf 79' lang='grc' dir='ltr'><strong><em>τὴν</em></strong></span> <span class='ocrx_word' id='word_1_292' title='bbox 802 3513 912 3571; x_wconf 89' lang='grc' dir='ltr'><strong><em>ίταλίαν</em></strong></span> <span class='ocrx_word' id='word_1_293' title='bbox 925 3516 1049 3571; x_wconf 75' lang='grc' dir='ltr'><strong><em>Ρῦοιιεδ.</em></strong></span> <span class='ocrx_word' id='word_1_294' title='bbox 1065 3549 1100 3556; x_wconf 99' lang='grc'>-</span> <span class='ocrx_word' id='word_1_295' title='bbox 1118 3523 1136 3571; x_wconf 88' lang='grc'>8</span> <span class='ocrx_word' id='word_1_296' title='bbox 1156 3519 1195 3571; x_wconf 77' lang='grc' dir='ltr'><strong><em>τά</em></strong></span> 
     </span>
     <span class='ocr_line' id='line_1_34' title="bbox 178 3583 1193 3662; baseline 0.006 -26"><span class='ocrx_word' id='word_1_297' title='bbox 178 3603 208 3637; x_wconf 91' lang='grc' dir='ltr'><strong><em>τε</em></strong></span> <span class='ocrx_word' id='word_1_298' title='bbox 227 3584 298 3654; x_wconf 77' lang='grc' dir='ltr'><strong><em>ἔθνη</em></strong></span> <span class='ocrx_word' id='word_1_299' title='bbox 318 3584 472 3639; x_wconf 75' lang='grc' dir='ltr'><strong><em>ἐνστάντων</em></strong></span> <span class='ocrx_word' id='word_1_300' title='bbox 486 3583 516 3635; x_wconf 91' lang='lat' dir='ltr'><strong><em>P.</em></strong></span> <span class='ocrx_word' id='word_1_301' title='bbox 532 3615 564 3622; x_wconf 95' lang='lat'>—</span> <span class='ocrx_word' id='word_1_302' title='bbox 586 3587 626 3634; x_wconf 80' lang='grc'><strong><em>17.</em></strong></span> <span class='ocrx_word' id='word_1_303' title='bbox 639 3588 672 3637; x_wconf 89' lang='grc'><strong><em>18</em></strong></span> <span class='ocrx_word' id='word_1_304' title='bbox 690 3585 739 3638; x_wconf 81' lang='grc' dir='ltr'><strong><em>καὶ</em></strong></span> <span class='ocrx_word' id='word_1_305' title='bbox 756 3583 885 3649; x_wconf 87' lang='grc' dir='ltr'><strong><em>ἀτενίσας</em></strong></span> <span class='ocrx_word' id='word_1_306' title='bbox 897 3592 936 3662; x_wconf 79' lang='grc' dir='ltr'><strong><em>τῷ</em></strong></span> <span class='ocrx_word' id='word_1_307' title='bbox 950 3585 1048 3657; x_wconf 87' lang='grc' dir='ltr'><strong><em>σίμωνι</em></strong></span> <span class='ocrx_word' id='word_1_308' title='bbox 1062 3583 1146 3643; x_wconf 85' lang='grc' dir='ltr'><strong><em>είπον</em></strong></span> <span class='ocrx_word' id='word_1_309' title='bbox 1160 3589 1193 3642; x_wconf 92' lang='lat' dir='ltr'><strong><em>P.</em></strong></span> 
     </span>
    </p>
   </div>
   <div class='ocr_carea' id='block_1_6' title="bbox 0 0 1314 3909">
    <p class='ocr_par' dir='ltr' id='par_1_6' title="bbox 0 0 1314 3909">
     <span class='ocr_line' id='line_1_35' title="bbox 0 0 1314 3909; baseline 0 0"><span class='ocrx_word' id='word_1_310' title='bbox 0 0 1314 3909; x_wconf 95' lang='lat' dir='ltr'><strong><em> </em></strong></span> 
     </span>
    </p>
   </div>
  </div>
 </body>
</html>
