<?xml version="1.0" encoding="UTF-8"?>
<!DOCTYPE html PUBLIC "-//W3C//DTD XHTML 1.0 Transitional//EN"
    "http://www.w3.org/TR/xhtml1/DTD/xhtml1-transitional.dtd">
<html xmlns="http://www.w3.org/1999/xhtml" xml:lang="en" lang="en">
 <head>
  <title>
</title>
<meta http-equiv="Content-Type" content="text/html;charset=utf-8" />
  <meta name='ocr-system' content='tesseract 3.04.00' />
  <meta name='ocr-capabilities' content='ocr_page ocr_carea ocr_par ocr_line ocrx_word'/>
</head>
<body>
  <div class='ocr_page' id='page_1' title='image "./georgiimonachic01boorgoog_0261.png"; bbox 0 0 2617 3909; ppageno 0'>
   <div class='ocr_carea' id='block_1_1' title="bbox 508 227 1109 294">
    <p class='ocr_par' dir='ltr' id='par_1_1' title="bbox 508 227 1109 294">
     <span class='ocr_line' id='line_1_1' title="bbox 508 227 1109 294; baseline -0.002 -11"><span class='ocrx_word' id='word_1_1' title='bbox 508 231 696 283; x_wconf 81' lang='lat' dir='ltr'>XPONIKON</span> <span class='ocrx_word' id='word_1_2' title='bbox 1045 227 1109 294; x_wconf 75' lang='grc'><strong><em>173</em></strong></span> 
     </span>
    </p>
   </div>
   <div class='ocr_carea' id='block_1_2' title="bbox 97 377 1155 2515">
    <p class='ocr_par' dir='ltr' id='par_1_2' title="bbox 97 377 1155 2515">
     <span class='ocr_line' id='line_1_2' title="bbox 100 377 1111 460; baseline 0.002 -20"><span class='ocrx_word' id='word_1_3' title='bbox 100 378 136 440; x_wconf 81' lang='grc' dir='ltr'><strong><em>τὸ</em></strong></span> <span class='ocrx_word' id='word_1_4' title='bbox 157 377 244 460; x_wconf 86' lang='grc' dir='ltr'><strong><em>κέρας</em></strong></span> <span class='ocrx_word' id='word_1_5' title='bbox 266 377 367 440; x_wconf 77' lang='grc' dir='ltr'><strong><em>αὐτοῦ.</em></strong></span> <span class='ocrx_word' id='word_1_6' title='bbox 412 377 460 440; x_wconf 81' lang='grc' dir='ltr'><strong><em>διὸ</em></strong></span> <span class='ocrx_word' id='word_1_7' title='bbox 487 379 526 458; x_wconf 82' lang='grc' dir='ltr'><strong><em>δή</em></strong></span> <span class='ocrx_word' id='word_1_8' title='bbox 552 377 585 439; x_wconf 86' lang='grc' dir='ltr'><strong><em>τὸ</em></strong></span> <span class='ocrx_word' id='word_1_9' title='bbox 606 385 694 440; x_wconf 84' lang='grc' dir='ltr'><strong><em>θεῖον</em></strong></span> <span class='ocrx_word' id='word_1_10' title='bbox 720 387 837 458; x_wconf 78' lang='grc' dir='ltr'><strong><em>πνεῦμα</em></strong></span> <span class='ocrx_word' id='word_1_11' title='bbox 858 377 925 459; x_wconf 83' lang='grc' dir='ltr'><strong><em>περί</em></strong></span> <span class='ocrx_word' id='word_1_12' title='bbox 946 379 1038 442; x_wconf 83' lang='grc' dir='ltr'><strong><em>αὐτοῦ</em></strong></span> <span class='ocrx_word' id='word_1_13' title='bbox 1061 379 1111 442; x_wconf 82' lang='grc' dir='ltr'><strong><em>καί</em></strong></span> 
     </span>
     <span class='ocr_line' id='line_1_3' title="bbox 100 470 1112 555; baseline 0.002 -17"><span class='ocrx_word' id='word_1_14' title='bbox 100 470 144 538; x_wconf 84' lang='grc' dir='ltr'><strong><em>δι’</em></strong></span> <span class='ocrx_word' id='word_1_15' title='bbox 165 476 258 538; x_wconf 81' lang='grc' dir='ltr'><strong><em>αὐτοῦ</em></strong></span> <span class='ocrx_word' id='word_1_16' title='bbox 275 492 382 555; x_wconf 83' lang='grc' dir='ltr'><strong><em>φησιν·</em></strong></span> <span class='ocrx_word' id='word_1_17' title='bbox 406 475 456 537; x_wconf 80' lang='grc' dir='ltr'><strong><em>καί</em></strong></span> <span class='ocrx_word' id='word_1_18' title='bbox 473 474 618 551; x_wconf 73' lang='grc' dir='ltr'><strong><em>ἐξελέξατο</em></strong></span> <span class='ocrx_word' id='word_1_19' title='bbox 635 477 735 539; x_wconf 80' lang='grc' dir='ltr'><strong><em>Λαυλδ</em></strong></span> <span class='ocrx_word' id='word_1_20' title='bbox 752 476 804 538; x_wconf 88' lang='grc' dir='ltr'><strong><em>τὸν</em></strong></span> <span class='ocrx_word' id='word_1_21' title='bbox 822 479 931 540; x_wconf 80' lang='grc' dir='ltr'><strong><em>δοῦλον</em></strong></span> <span class='ocrx_word' id='word_1_22' title='bbox 948 479 1041 541; x_wconf 79' lang='grc' dir='ltr'><strong><em>αὐτοῦ</em></strong></span> <span class='ocrx_word' id='word_1_23' title='bbox 1062 477 1112 540; x_wconf 80' lang='grc' dir='ltr'><strong><em>καί</em></strong></span> 
     </span>
     <span class='ocr_line' id='line_1_4' title="bbox 100 572 1112 657; baseline 0.003 -22"><span class='ocrx_word' id='word_1_24' title='bbox 100 572 244 655; x_wconf 72' lang='grc' dir='ltr'><strong><em>ἀνέλαβεν</em></strong></span> <span class='ocrx_word' id='word_1_25' title='bbox 266 572 358 637; x_wconf 79' lang='grc' dir='ltr'><strong><em>αὐτὸν</em></strong></span> <span class='ocrx_word' id='word_1_26' title='bbox 380 573 494 636; x_wconf 83' lang='grc' dir='ltr'><strong><em>ἐκτῶν</em></strong></span> <span class='ocrx_word' id='word_1_27' title='bbox 515 576 662 653; x_wconf 76' lang='grc' dir='ltr'><strong><em>ποιμνίων</em></strong></span> <span class='ocrx_word' id='word_1_28' title='bbox 684 585 743 636; x_wconf 81' lang='grc' dir='ltr'><strong><em>τῶν</em></strong></span> <span class='ocrx_word' id='word_1_29' title='bbox 765 577 921 657; x_wconf 73' lang='grc' dir='ltr'><strong><em>προβάτων</em></strong></span> <span class='ocrx_word' id='word_1_30' title='bbox 944 576 1112 656; x_wconf 78' lang='grc' dir='ltr'><strong><em>ποιμαίνειν</em></strong></span> 
     </span>
     <span class='ocr_line' id='line_1_5' title="bbox 97 666 1111 755; baseline 0.001 -21"><span class='ocrx_word' id='word_1_31' title='bbox 97 666 206 755; x_wconf 76' lang='grc' dir='ltr'><strong><em>Ἰακὼβ</em></strong></span> <span class='ocrx_word' id='word_1_32' title='bbox 223 673 275 735; x_wconf 87' lang='grc' dir='ltr'><strong><em>τδυ</em></strong></span> <span class='ocrx_word' id='word_1_33' title='bbox 293 674 403 736; x_wconf 79' lang='grc' dir='ltr'><strong><em>δοῦλον</em></strong></span> <span class='ocrx_word' id='word_1_34' title='bbox 420 672 513 735; x_wconf 80' lang='grc' dir='ltr'><strong><em>αὐτοῦ</em></strong></span> <span class='ocrx_word' id='word_1_35' title='bbox 530 672 581 734; x_wconf 78' lang='grc' dir='ltr'><strong><em>καί</em></strong></span> <span class='ocrx_word' id='word_1_36' title='bbox 595 667 711 754; x_wconf 79' lang='grc' dir='ltr'><strong><em>Ἰσραήλ</em></strong></span> <span class='ocrx_word' id='word_1_37' title='bbox 723 672 778 752; x_wconf 80' lang='grc' dir='ltr'><strong><em>τήν</em></strong></span> <span class='ocrx_word' id='word_1_38' title='bbox 791 675 991 755; x_wconf 77' lang='grc' dir='ltr'><strong><em>κληρονομίαν</em></strong></span> <span class='ocrx_word' id='word_1_39' title='bbox 1009 673 1111 755; x_wconf 80' lang='grc' dir='ltr'><strong><em>αὐτοῦ,</em></strong></span> 
     </span>
     <span class='ocr_line' id='line_1_6' title="bbox 101 765 1151 852; baseline -0.001 -19"><span class='ocrx_word' id='word_1_40' title='bbox 101 768 138 844; x_wconf 74' lang='grc' dir='ltr'><strong><em>ὃς</em></strong></span> <span class='ocrx_word' id='word_1_41' title='bbox 155 771 205 833; x_wconf 82' lang='grc' dir='ltr'><strong><em>καί</em></strong></span> <span class='ocrx_word' id='word_1_42' title='bbox 223 765 284 852; x_wconf 86' lang='grc' dir='ltr'><strong><em>μετ’</em></strong></span> <span class='ocrx_word' id='word_1_43' title='bbox 309 771 470 850; x_wconf 73' lang='grc' dir='ltr'><strong><em>ἐπιστήμης</em></strong></span> <span class='ocrx_word' id='word_1_44' title='bbox 487 772 573 845; x_wconf 87' lang='grc' dir='ltr'><strong><em>θείας</em></strong></span> <span class='ocrx_word' id='word_1_45' title='bbox 594 769 644 831; x_wconf 86' lang='grc' dir='ltr'><strong><em>καί</em></strong></span> <span class='ocrx_word' id='word_1_46' title='bbox 662 771 810 852; x_wconf 80' lang='grc' dir='ltr'><strong><em>εὐσεβείας</em></strong></span> <span class='ocrx_word' id='word_1_47' title='bbox 828 769 985 849; x_wconf 74' lang='grc' dir='ltr'><strong><em>ἐποίμαινεν</em></strong></span> <span class='ocrx_word' id='word_1_48' title='bbox 1004 770 1113 846; x_wconf 77' lang='grc' dir='ltr'><strong><em>αὐτοὺς</em></strong></span> <span class='ocrx_word' id='word_1_49' title='bbox 1139 790 1151 832; x_wconf 79' lang='grc' dir='ltr'><strong><em>σ</em></strong></span> 
     </span>
     <span class='ocr_line' id='line_1_7' title="bbox 101 867 1113 954; baseline -0.001 -23"><span class='ocrx_word' id='word_1_50' title='bbox 101 869 154 931; x_wconf 80' lang='grc' dir='ltr'><strong><em>καλ</em></strong></span> <span class='ocrx_word' id='word_1_51' title='bbox 180 869 214 932; x_wconf 88' lang='grc' dir='ltr'><strong><em>ἐν</em></strong></span> <span class='ocrx_word' id='word_1_52' title='bbox 240 878 275 954; x_wconf 78' lang='grc' dir='ltr'><strong><em>τῇ</em></strong></span> <span class='ocrx_word' id='word_1_53' title='bbox 302 868 411 953; x_wconf 74' lang='grc' dir='ltr'><strong><em>ἀκακία</em></strong></span> <span class='ocrx_word' id='word_1_54' title='bbox 432 879 485 949; x_wconf 80' lang='grc' dir='ltr'><strong><em>τῆς</em></strong></span> <span class='ocrx_word' id='word_1_55' title='bbox 506 869 629 950; x_wconf 90' lang='grc' dir='ltr'><strong><em>καρδίας</em></strong></span> <span class='ocrx_word' id='word_1_56' title='bbox 651 868 744 930; x_wconf 78' lang='grc' dir='ltr'><strong><em>αὐτοῦ</em></strong></span> <span class='ocrx_word' id='word_1_57' title='bbox 768 867 819 928; x_wconf 82' lang='grc' dir='ltr'><strong><em>καί</em></strong></span> <span class='ocrx_word' id='word_1_58' title='bbox 840 867 873 930; x_wconf 82' lang='grc' dir='ltr'><strong><em>έν</em></strong></span> <span class='ocrx_word' id='word_1_59' title='bbox 895 874 959 942; x_wconf 87' lang='grc' dir='ltr'><strong><em>ταῖς</em></strong></span> <span class='ocrx_word' id='word_1_60' title='bbox 981 867 1113 931; x_wconf 77' lang='grc' dir='ltr'><strong><em>συνέσται</em></strong></span> 
     </span>
     <span class='ocr_line' id='line_1_8' title="bbox 101 964 1113 1049; baseline -0.002 -20"><span class='ocrx_word' id='word_1_61' title='bbox 101 977 163 1029; x_wconf 73' lang='grc' dir='ltr'><strong><em>τῶν</em></strong></span> <span class='ocrx_word' id='word_1_62' title='bbox 180 977 285 1049; x_wconf 77' lang='grc' dir='ltr'><strong><em>χειρῶν</em></strong></span> <span class='ocrx_word' id='word_1_63' title='bbox 301 966 394 1028; x_wconf 78' lang='grc' dir='ltr'><strong><em>αὐτοῦ</em></strong></span> <span class='ocrx_word' id='word_1_64' title='bbox 412 964 565 1047; x_wconf 75' lang='grc' dir='ltr'><strong><em>ὡδήγησεν</em></strong></span> <span class='ocrx_word' id='word_1_65' title='bbox 581 966 700 1040; x_wconf 83' lang='grc' dir='ltr'><strong><em>αὐτούς.</em></strong></span> <span class='ocrx_word' id='word_1_66' title='bbox 732 965 806 1026; x_wconf 80' lang='grc' dir='ltr'><strong><em>ὅθεν</em></strong></span> <span class='ocrx_word' id='word_1_67' title='bbox 819 965 966 1048; x_wconf 75' lang='grc' dir='ltr'><strong><em>ἐπήγαγεν</em></strong></span> <span class='ocrx_word' id='word_1_68' title='bbox 978 964 998 1046; x_wconf 88' lang='grc' dir='ltr'><strong><em>ή</em></strong></span> <span class='ocrx_word' id='word_1_69' title='bbox 1012 965 1113 1049; x_wconf 82' lang='grc' dir='ltr'><strong><em>γραφή</em></strong></span> 
     </span>
     <span class='ocr_line' id='line_1_9' title="bbox 102 1055 1114 1146; baseline -0.002 -18"><span class='ocrx_word' id='word_1_70' title='bbox 102 1063 239 1146; x_wconf 80' lang='grc' dir='ltr'><strong><em>λέγουσα·</em></strong></span> <span class='ocrx_word' id='word_1_71' title='bbox 269 1063 320 1126; x_wconf 78' lang='grc' dir='ltr'><strong><em>καί</em></strong></span> <span class='ocrx_word' id='word_1_72' title='bbox 346 1063 512 1144; x_wconf 84' lang='grc' dir='ltr'><strong><em>ἐβασίλευσε</em></strong></span> <span class='ocrx_word' id='word_1_73' title='bbox 538 1063 638 1126; x_wconf 81' lang='grc' dir='ltr'><strong><em>Δαυλδ</em></strong></span> <span class='ocrx_word' id='word_1_74' title='bbox 664 1063 713 1126; x_wconf 74' lang='grc' dir='ltr'><strong><em>ἐπὶ</em></strong></span> <span class='ocrx_word' id='word_1_75' title='bbox 736 1058 850 1145; x_wconf 80' lang='grc' dir='ltr'><strong><em>Ἰσραήλ</em></strong></span> <span class='ocrx_word' id='word_1_76' title='bbox 878 1063 929 1125; x_wconf 86' lang='grc' dir='ltr'><strong><em>καί</em></strong></span> <span class='ocrx_word' id='word_1_77' title='bbox 953 1055 992 1144; x_wconf 85' lang='grc' dir='ltr'><strong><em>ήν</em></strong></span> <span class='ocrx_word' id='word_1_78' title='bbox 1018 1073 1114 1127; x_wconf 80' lang='grc' dir='ltr'><strong><em>ποιῶν</em></strong></span> 
     </span>
     <span class='ocr_line' id='line_1_10' title="bbox 102 1154 1114 1245; baseline 0.001 -22"><span class='ocrx_word' id='word_1_79' title='bbox 102 1164 195 1245; x_wconf 87' lang='grc' dir='ltr'><strong><em>κρίμα</em></strong></span> <span class='ocrx_word' id='word_1_80' title='bbox 216 1161 266 1223; x_wconf 84' lang='grc' dir='ltr'><strong><em>καλ</em></strong></span> <span class='ocrx_word' id='word_1_81' title='bbox 289 1162 492 1241; x_wconf 81' lang='grc' dir='ltr'><strong><em>δικαιοσύνην.</em></strong></span> <span class='ocrx_word' id='word_1_82' title='bbox 535 1154 622 1235; x_wconf 74' lang='grc' dir='ltr'><strong><em>οὗτος</em></strong></span> <span class='ocrx_word' id='word_1_83' title='bbox 642 1162 746 1223; x_wconf 89' lang='grc' dir='ltr'><strong><em>τοίνυν</em></strong></span> <span class='ocrx_word' id='word_1_84' title='bbox 768 1161 899 1235; x_wconf 82' lang='grc' dir='ltr'><strong><em>πατάξας</em></strong></span> <span class='ocrx_word' id='word_1_85' title='bbox 915 1161 967 1223; x_wconf 87' lang='grc' dir='ltr'><strong><em>τδυ</em></strong></span> <span class='ocrx_word' id='word_1_86' title='bbox 986 1161 1114 1242; x_wconf 82' lang='grc' dir='ltr'><strong><em>Μολχδμ</em></strong></span> 
     </span>
     <span class='ocr_line' id='line_1_11' title="bbox 102 1257 1154 1341; baseline -0.002 -20"><span class='ocrx_word' id='word_1_87' title='bbox 102 1257 226 1341; x_wconf 82' lang='grc' dir='ltr'><strong><em>βασιλέα</em></strong></span> <span class='ocrx_word' id='word_1_88' title='bbox 246 1269 306 1321; x_wconf 80' lang='grc' dir='ltr'><strong><em>τῶν</em></strong></span> <span class='ocrx_word' id='word_1_89' title='bbox 328 1259 439 1341; x_wconf 81' lang='grc' dir='ltr'><strong><em>Σύρων</em></strong></span> <span class='ocrx_word' id='word_1_90' title='bbox 460 1258 510 1320; x_wconf 85' lang='grc' dir='ltr'><strong><em>καί</em></strong></span> <span class='ocrx_word' id='word_1_91' title='bbox 532 1259 632 1340; x_wconf 80' lang='grc' dir='ltr'><strong><em>λαβὼν</em></strong></span> <span class='ocrx_word' id='word_1_92' title='bbox 653 1260 706 1322; x_wconf 79' lang='grc' dir='ltr'><strong><em>τδν</em></strong></span> <span class='ocrx_word' id='word_1_93' title='bbox 729 1258 777 1322; x_wconf 75' lang='grc' dir='ltr'><strong><em>ἐπὶ</em></strong></span> <span class='ocrx_word' id='word_1_94' title='bbox 798 1268 851 1339; x_wconf 81' lang='grc' dir='ltr'><strong><em>τῆς</em></strong></span> <span class='ocrx_word' id='word_1_95' title='bbox 868 1265 999 1339; x_wconf 79' lang='grc' dir='ltr'><strong><em>κεφαλῆς</em></strong></span> <span class='ocrx_word' id='word_1_96' title='bbox 1021 1257 1114 1320; x_wconf 80' lang='grc' dir='ltr'><strong><em>αὐτοῦ</em></strong></span> <span class='ocrx_word' id='word_1_97' title='bbox 1128 1278 1154 1320; x_wconf 80' lang='grc' dir='ltr'><strong><em>ιο</em></strong></span> 
     </span>
     <span class='ocr_line' id='line_1_12' title="bbox 104 1355 1115 1439; baseline -0.002 -20"><span class='ocrx_word' id='word_1_98' title='bbox 104 1357 254 1437; x_wconf 85' lang='grc' dir='ltr'><strong><em>στέφανον</em></strong></span> <span class='ocrx_word' id='word_1_99' title='bbox 271 1357 401 1439; x_wconf 71' lang='grc' dir='ltr'><strong><em>χρυσοῦν</em></strong></span> <span class='ocrx_word' id='word_1_100' title='bbox 419 1355 511 1437; x_wconf 82' lang='grc' dir='ltr'><strong><em>μέγαν</em></strong></span> <span class='ocrx_word' id='word_1_101' title='bbox 528 1357 631 1438; x_wconf 80' lang='grc' dir='ltr'><strong><em>ἔχοντα</em></strong></span> <span class='ocrx_word' id='word_1_102' title='bbox 649 1359 755 1431; x_wconf 84' lang='grc' dir='ltr'><strong><em>λίθους</em></strong></span> <span class='ocrx_word' id='word_1_103' title='bbox 777 1359 892 1437; x_wconf 75' lang='grc' dir='ltr'><strong><em>τιμίους</em></strong></span> <span class='ocrx_word' id='word_1_104' title='bbox 914 1357 964 1419; x_wconf 86' lang='grc' dir='ltr'><strong><em>καί</em></strong></span> <span class='ocrx_word' id='word_1_105' title='bbox 987 1355 1115 1438; x_wconf 82' lang='grc' dir='ltr'><strong><em>φορέσας</em></strong></span> 
     </span>
     <span class='ocr_line' id='line_1_13' title="bbox 104 1447 1113 1537; baseline -0.004 -19"><span class='ocrx_word' id='word_1_106' title='bbox 104 1455 211 1536; x_wconf 84' lang='grc' dir='ltr'><strong><em>αὐτόν,</em></strong></span> <span class='ocrx_word' id='word_1_107' title='bbox 243 1447 282 1534; x_wconf 85' lang='grc' dir='ltr'><strong><em>ήν</em></strong></span> <span class='ocrx_word' id='word_1_108' title='bbox 309 1454 357 1517; x_wconf 84' lang='grc' dir='ltr'><strong><em>ἐπί</em></strong></span> <span class='ocrx_word' id='word_1_109' title='bbox 383 1464 436 1535; x_wconf 80' lang='grc' dir='ltr'><strong><em>τῆς</em></strong></span> <span class='ocrx_word' id='word_1_110' title='bbox 462 1460 594 1535; x_wconf 79' lang='grc' dir='ltr'><strong><em>κεφαλῆς</em></strong></span> <span class='ocrx_word' id='word_1_111' title='bbox 622 1455 716 1517; x_wconf 77' lang='grc' dir='ltr'><strong><em>αὐτοῦ</em></strong></span> <span class='ocrx_word' id='word_1_112' title='bbox 742 1454 852 1534; x_wconf 82' lang='grc' dir='ltr'><strong><em>κόσμος</em></strong></span> <span class='ocrx_word' id='word_1_113' title='bbox 878 1453 1113 1537; x_wconf 80' lang='grc' dir='ltr'><strong><em>εὐπρεπέστατος.</em></strong></span> 
     </span>
     <span class='ocr_line' id='line_1_14' title="bbox 104 1551 1115 1638; baseline -0.004 -22"><span class='ocrx_word' id='word_1_114' title='bbox 104 1553 177 1635; x_wconf 76' lang='grc' dir='ltr'><strong><em>ὅπερ</em></strong></span> <span class='ocrx_word' id='word_1_115' title='bbox 200 1554 300 1633; x_wconf 79' lang='grc' dir='ltr'><strong><em>δηλῶν</em></strong></span> <span class='ocrx_word' id='word_1_116' title='bbox 321 1553 411 1614; x_wconf 91' lang='grc' dir='ltr'><strong><em>πάλιν</em></strong></span> <span class='ocrx_word' id='word_1_117' title='bbox 433 1552 505 1632; x_wconf 77' lang='grc' dir='ltr'><strong><em>ἔφη·</em></strong></span> <span class='ocrx_word' id='word_1_118' title='bbox 528 1553 621 1634; x_wconf 81' lang='grc' dir='ltr'><strong><em>κύριε,</em></strong></span> <span class='ocrx_word' id='word_1_119' title='bbox 643 1551 676 1614; x_wconf 82' lang='grc' dir='ltr'><strong><em>ἐν</em></strong></span> <span class='ocrx_word' id='word_1_120' title='bbox 698 1562 733 1638; x_wconf 76' lang='grc' dir='ltr'><strong><em>τῇ</em></strong></span> <span class='ocrx_word' id='word_1_121' title='bbox 757 1553 883 1632; x_wconf 82' lang='grc' dir='ltr'><strong><em>δυνάμει</em></strong></span> <span class='ocrx_word' id='word_1_122' title='bbox 904 1569 959 1615; x_wconf 91' lang='grc' dir='ltr'><strong><em>σου</em></strong></span> <span class='ocrx_word' id='word_1_123' title='bbox 983 1551 1115 1632; x_wconf 85' lang='grc' dir='ltr'><strong><em>εὐφραν-</em></strong></span> 
     </span>
     <span class='ocr_line' id='line_1_15' title="bbox 104 1649 1116 1736; baseline -0.004 -22"><span class='ocrx_word' id='word_1_124' title='bbox 104 1653 230 1731; x_wconf 81' lang='grc' dir='ltr'><strong><em>θήσεται</em></strong></span> <span class='ocrx_word' id='word_1_125' title='bbox 257 1649 273 1713; x_wconf 86' lang='grc' dir='ltr'><strong><em>δ</em></strong></span> <span class='ocrx_word' id='word_1_126' title='bbox 300 1651 436 1732; x_wconf 75' lang='grc' dir='ltr'><strong><em>βασιλεὺς</em></strong></span> <span class='ocrx_word' id='word_1_127' title='bbox 461 1649 513 1712; x_wconf 83' lang='grc' dir='ltr'><strong><em>καί</em></strong></span> <span class='ocrx_word' id='word_1_128' title='bbox 539 1649 587 1712; x_wconf 85' lang='grc' dir='ltr'><strong><em>ἐπί</em></strong></span> <span class='ocrx_word' id='word_1_129' title='bbox 613 1657 653 1735; x_wconf 78' lang='grc' dir='ltr'><strong><em>τῷ</em></strong></span> <span class='ocrx_word' id='word_1_130' title='bbox 676 1651 810 1736; x_wconf 79' lang='grc' dir='ltr'><strong><em>σωτηρίη)</em></strong></span> <span class='ocrx_word' id='word_1_131' title='bbox 836 1667 892 1713; x_wconf 91' lang='grc' dir='ltr'><strong><em>σου</em></strong></span> <span class='ocrx_word' id='word_1_132' title='bbox 913 1650 1116 1732; x_wconf 86' lang='grc' dir='ltr'><strong><em>άγαλλιάσεται</em></strong></span> 
     </span>
     <span class='ocr_line' id='line_1_16' title="bbox 104 1747 1155 1832; baseline -0.002 -20"><span class='ocrx_word' id='word_1_133' title='bbox 104 1748 231 1831; x_wconf 77' lang='grc' dir='ltr'><strong><em>σφόδρα.</em></strong></span> <span class='ocrx_word' id='word_1_134' title='bbox 276 1748 331 1828; x_wconf 86' lang='grc' dir='ltr'><strong><em>τήν</em></strong></span> <span class='ocrx_word' id='word_1_135' title='bbox 358 1748 522 1828; x_wconf 80' lang='grc' dir='ltr'><strong><em>ἐπιθυμίαν</em></strong></span> <span class='ocrx_word' id='word_1_136' title='bbox 553 1757 606 1828; x_wconf 78' lang='grc' dir='ltr'><strong><em>τῆς</em></strong></span> <span class='ocrx_word' id='word_1_137' title='bbox 631 1749 755 1830; x_wconf 81' lang='grc' dir='ltr'><strong><em>καρδίας</em></strong></span> <span class='ocrx_word' id='word_1_138' title='bbox 781 1747 875 1812; x_wconf 83' lang='grc' dir='ltr'><strong><em>αὐτοῦ</em></strong></span> <span class='ocrx_word' id='word_1_139' title='bbox 901 1748 1013 1822; x_wconf 72' lang='grc' dir='ltr'><strong><em>ἔδωκας</em></strong></span> <span class='ocrx_word' id='word_1_140' title='bbox 1039 1747 1118 1832; x_wconf 77' lang='grc' dir='ltr'><strong><em>αὐτῷ</em></strong></span> <span class='ocrx_word' id='word_1_141' title='bbox 1129 1765 1155 1810; x_wconf 80' lang='lat'><strong><em>15</em></strong></span> 
     </span>
     <span class='ocr_line' id='line_1_17' title="bbox 105 1842 1116 1930; baseline -0.003 -21"><span class='ocrx_word' id='word_1_142' title='bbox 105 1846 157 1909; x_wconf 78' lang='grc' dir='ltr'><strong><em>καί</em></strong></span> <span class='ocrx_word' id='word_1_143' title='bbox 183 1846 238 1927; x_wconf 82' lang='grc' dir='ltr'><strong><em>τήν</em></strong></span> <span class='ocrx_word' id='word_1_144' title='bbox 263 1845 388 1926; x_wconf 79' lang='grc' dir='ltr'><strong><em>θέλησιν</em></strong></span> <span class='ocrx_word' id='word_1_145' title='bbox 415 1855 475 1907; x_wconf 82' lang='grc' dir='ltr'><strong><em>τῶν</em></strong></span> <span class='ocrx_word' id='word_1_146' title='bbox 501 1842 617 1927; x_wconf 80' lang='grc' dir='ltr'><strong><em>χειλέων</em></strong></span> <span class='ocrx_word' id='word_1_147' title='bbox 644 1845 736 1907; x_wconf 77' lang='grc' dir='ltr'><strong><em>αὐτοῦ</em></strong></span> <span class='ocrx_word' id='word_1_148' title='bbox 761 1846 817 1908; x_wconf 89' lang='grc' dir='ltr'><strong><em>οὐκ</em></strong></span> <span class='ocrx_word' id='word_1_149' title='bbox 839 1844 993 1930; x_wconf 86' lang='grc' dir='ltr'><strong><em>ἐστέρησας</em></strong></span> <span class='ocrx_word' id='word_1_150' title='bbox 1015 1845 1116 1922; x_wconf 84' lang='grc' dir='ltr'><strong><em>αὐτόν,</em></strong></span> 
     </span>
     <span class='ocr_line' id='line_1_18' title="bbox 106 1942 1116 2025; baseline 0 -19"><span class='ocrx_word' id='word_1_151' title='bbox 106 1944 153 2006; x_wconf 85' lang='grc' dir='ltr'><strong><em>ὅτι</em></strong></span> <span class='ocrx_word' id='word_1_152' title='bbox 184 1942 379 2025; x_wconf 85' lang='grc' dir='ltr'><strong><em>προέφθασας</em></strong></span> <span class='ocrx_word' id='word_1_153' title='bbox 409 1943 500 2005; x_wconf 83' lang='grc' dir='ltr'><strong><em>αὐτὸν</em></strong></span> <span class='ocrx_word' id='word_1_154' title='bbox 532 1943 565 2004; x_wconf 84' lang='grc' dir='ltr'><strong><em>ἐν</em></strong></span> <span class='ocrx_word' id='word_1_155' title='bbox 591 1942 737 2025; x_wconf 71' lang='grc' dir='ltr'><strong><em>εὐλογίαις</em></strong></span> <span class='ocrx_word' id='word_1_156' title='bbox 768 1945 975 2025; x_wconf 78' lang='grc' dir='ltr'><strong><em>χρηστότητος,</em></strong></span> <span class='ocrx_word' id='word_1_157' title='bbox 1003 1943 1116 2022; x_wconf 78' lang='grc' dir='ltr'><strong><em>ἔθηκας</em></strong></span> 
     </span>
     <span class='ocr_line' id='line_1_19' title="bbox 107 2037 1116 2121; baseline -0.003 -18"><span class='ocrx_word' id='word_1_158' title='bbox 107 2040 157 2103; x_wconf 85' lang='grc' dir='ltr'><strong><em>ἐπί</em></strong></span> <span class='ocrx_word' id='word_1_159' title='bbox 179 2041 234 2121; x_wconf 79' lang='grc' dir='ltr'><strong><em>τήν</em></strong></span> <span class='ocrx_word' id='word_1_160' title='bbox 256 2041 390 2121; x_wconf 78' lang='grc' dir='ltr'><strong><em>κεφαλήν</em></strong></span> <span class='ocrx_word' id='word_1_161' title='bbox 412 2041 505 2103; x_wconf 80' lang='grc' dir='ltr'><strong><em>αὐτοῦ</em></strong></span> <span class='ocrx_word' id='word_1_162' title='bbox 526 2037 675 2120; x_wconf 88' lang='grc' dir='ltr'><strong><em>στέφανον</em></strong></span> <span class='ocrx_word' id='word_1_163' title='bbox 692 2041 726 2103; x_wconf 92' lang='grc' dir='ltr'><strong><em>ἐκ</em></strong></span> <span class='ocrx_word' id='word_1_164' title='bbox 744 2043 839 2105; x_wconf 86' lang='grc' dir='ltr'><strong><em>λίθων</em></strong></span> <span class='ocrx_word' id='word_1_165' title='bbox 856 2042 969 2121; x_wconf 86' lang='grc' dir='ltr'><strong><em>τιμίων.</em></strong></span> <span class='ocrx_word' id='word_1_166' title='bbox 1005 2041 1116 2120; x_wconf 77' lang='grc' dir='ltr'><strong><em>μεγάλη</em></strong></span> 
     </span>
     <span class='ocr_line' id='line_1_20' title="bbox 107 2133 1115 2222; baseline -0.002 -21"><span class='ocrx_word' id='word_1_167' title='bbox 107 2135 128 2217; x_wconf 84' lang='grc' dir='ltr'><strong><em>ή</em></strong></span> <span class='ocrx_word' id='word_1_168' title='bbox 156 2139 228 2213; x_wconf 83' lang='grc' dir='ltr'><strong><em>δόξα</em></strong></span> <span class='ocrx_word' id='word_1_169' title='bbox 256 2138 350 2200; x_wconf 82' lang='grc' dir='ltr'><strong><em>αὐτοῦ</em></strong></span> <span class='ocrx_word' id='word_1_170' title='bbox 377 2137 409 2200; x_wconf 91' lang='grc' dir='ltr'><strong><em>έν</em></strong></span> <span class='ocrx_word' id='word_1_171' title='bbox 435 2144 476 2222; x_wconf 78' lang='grc' dir='ltr'><strong><em>τῷ</em></strong></span> <span class='ocrx_word' id='word_1_172' title='bbox 499 2133 632 2222; x_wconf 78' lang='grc' dir='ltr'><strong><em>σωτηρίη)</em></strong></span> <span class='ocrx_word' id='word_1_173' title='bbox 654 2156 725 2219; x_wconf 90' lang='grc' dir='ltr'><strong><em>σου,</em></strong></span> <span class='ocrx_word' id='word_1_174' title='bbox 752 2139 843 2213; x_wconf 86' lang='grc' dir='ltr'><strong><em>δόξαν</em></strong></span> <span class='ocrx_word' id='word_1_175' title='bbox 864 2136 915 2200; x_wconf 85' lang='grc' dir='ltr'><strong><em>καί</em></strong></span> <span class='ocrx_word' id='word_1_176' title='bbox 939 2136 1115 2218; x_wconf 84' lang='grc' dir='ltr'><strong><em>μεγαλοπρέ-</em></strong></span> 
     </span>
     <span class='ocr_line' id='line_1_21' title="bbox 106 2234 1155 2320; baseline -0.001 -22"><span class='ocrx_word' id='word_1_177' title='bbox 106 2257 194 2298; x_wconf 88' lang='grc' dir='ltr'><strong><em>πειαν</em></strong></span> <span class='ocrx_word' id='word_1_178' title='bbox 216 2235 365 2314; x_wconf 81' lang='grc' dir='ltr'><strong><em>ἐπέθηκας</em></strong></span> <span class='ocrx_word' id='word_1_179' title='bbox 387 2234 471 2320; x_wconf 68' lang='grc' dir='ltr'><strong><em>αὐτῷ</em></strong></span> <span class='ocrx_word' id='word_1_180' title='bbox 1129 2255 1155 2297; x_wconf 79' lang='grc' dir='ltr'><strong><em>τε</em></strong></span> 
     </span>
     <span class='ocr_line' id='line_1_22' title="bbox 153 2330 1115 2416; baseline -0.002 -21"><span class='ocrx_word' id='word_1_181' title='bbox 153 2333 214 2396; x_wconf 88' lang='grc' dir='ltr'><strong><em>Καί</em></strong></span> <span class='ocrx_word' id='word_1_182' title='bbox 245 2335 339 2407; x_wconf 72' lang='grc' dir='ltr'><strong><em>οὕτως</em></strong></span> <span class='ocrx_word' id='word_1_183' title='bbox 369 2332 522 2415; x_wconf 82' lang='grc' dir='ltr'><strong><em>ίνισχύσας</em></strong></span> <span class='ocrx_word' id='word_1_184' title='bbox 553 2330 570 2395; x_wconf 85' lang='grc' dir='ltr'><strong><em>δ</em></strong></span> <span class='ocrx_word' id='word_1_185' title='bbox 601 2333 745 2414; x_wconf 86' lang='grc' dir='ltr'><strong><em>μακάριος</em></strong></span> <span class='ocrx_word' id='word_1_186' title='bbox 774 2332 825 2394; x_wconf 86' lang='grc' dir='ltr'><strong><em>καί</em></strong></span> <span class='ocrx_word' id='word_1_187' title='bbox 855 2331 1050 2415; x_wconf 83' lang='grc' dir='ltr'><strong><em>κραταιωθείς</em></strong></span> <span class='ocrx_word' id='word_1_188' title='bbox 1079 2341 1115 2416; x_wconf 79' lang='grc' dir='ltr'><strong><em>τῇ</em></strong></span> 
     </span>
     <span class='ocr_line' id='line_1_23' title="bbox 108 2424 1117 2515; baseline -0.001 -23"><span class='ocrx_word' id='word_1_189' title='bbox 108 2432 259 2515; x_wconf 73' lang='grc' dir='ltr'><strong><em>συμμαχία</em></strong></span> <span class='ocrx_word' id='word_1_190' title='bbox 288 2439 342 2492; x_wconf 76' lang='grc' dir='ltr'><strong><em>τοῦ</em></strong></span> <span class='ocrx_word' id='word_1_191' title='bbox 372 2432 536 2513; x_wconf 85' lang='grc' dir='ltr'><strong><em>κρείττονος</em></strong></span> <span class='ocrx_word' id='word_1_192' title='bbox 570 2430 741 2512; x_wconf 87' lang='grc' dir='ltr'><strong><em>πεπλήρωκε</em></strong></span> <span class='ocrx_word' id='word_1_193' title='bbox 772 2429 822 2492; x_wconf 82' lang='grc' dir='ltr'><strong><em>καί</em></strong></span> <span class='ocrx_word' id='word_1_194' title='bbox 852 2440 905 2492; x_wconf 80' lang='grc' dir='ltr'><strong><em>του</em></strong></span> <span class='ocrx_word' id='word_1_195' title='bbox 934 2424 1031 2493; x_wconf 77' lang='grc' dir='ltr'><strong><em>Ἰσαὰκ</em></strong></span> <span class='ocrx_word' id='word_1_196' title='bbox 1061 2429 1117 2510; x_wconf 82' lang='grc' dir='ltr'><strong><em>τήν</em></strong></span> 
     </span>
    </p>
   </div>
   <div class='ocr_carea' id='block_1_3' title="bbox 108 2628 1117 2843">
    <p class='ocr_par' dir='ltr' id='par_1_3' title="bbox 108 2628 1117 2843">
     <span class='ocr_line' id='line_1_24' title="bbox 181 2628 1116 2701; baseline 0.003 -19"><span class='ocrx_word' id='word_1_197' title='bbox 181 2628 317 2683; x_wconf 74' lang='lat' dir='ltr'><strong>2Psalm.</strong></span> <span class='ocrx_word' id='word_1_198' title='bbox 337 2633 371 2682; x_wconf 81' lang='grc' dir='ltr'><strong><em>τι</em></strong></span> <span class='ocrx_word' id='word_1_199' title='bbox 394 2631 462 2700; x_wconf 78' lang='grc' dir='ltr'><strong><em>(τε),</em></strong></span> <span class='ocrx_word' id='word_1_200' title='bbox 483 2633 580 2698; x_wconf 69' lang='grc' dir='ltr'><strong><em>τοιρρ.</em></strong></span> <span class='ocrx_word' id='word_1_201' title='bbox 604 2661 638 2670; x_wconf 93' lang='grc'><strong>-</strong></span> <span class='ocrx_word' id='word_1_202' title='bbox 670 2635 686 2684; x_wconf 81' lang='lat' dir='ltr'>s</span> <span class='ocrx_word' id='word_1_203' title='bbox 709 2629 742 2684; x_wconf 89' lang='lat'><strong><em>11.</em></strong></span> <span class='ocrx_word' id='word_1_204' title='bbox 761 2630 850 2701; x_wconf 65' lang='grc' dir='ltr'><strong><em>κως.</em></strong></span> <span class='ocrx_word' id='word_1_205' title='bbox 870 2635 900 2698; x_wconf 82' lang='grc' dir='ltr'><strong><em>ο,</em></strong></span> <span class='ocrx_word' id='word_1_206' title='bbox 919 2634 960 2685; x_wconf 79' lang='grc' dir='ltr'><strong><em>ιο.</em></strong></span> <span class='ocrx_word' id='word_1_207' title='bbox 983 2661 1019 2670; x_wconf 96' lang='grc'>-</span> <span class='ocrx_word' id='word_1_208' title='bbox 1046 2630 1116 2698; x_wconf 75' lang='grc' dir='ltr'><strong><em>9η.</em></strong></span> 
     </span>
     <span class='ocr_line' id='line_1_25' title="bbox 108 2699 1117 2826; baseline 0 -72"><span class='ocrx_word' id='word_1_209' title='bbox 108 2699 143 2754; x_wconf 69' lang='lat'><strong><em>11„</em></strong></span> <span class='ocrx_word' id='word_1_210' title='bbox 162 2700 249 2824; x_wconf 62' lang='grc' dir='ltr'><strong><em>Ιωςη.</em></strong></span> <span class='ocrx_word' id='word_1_211' title='bbox 271 2704 379 2782; x_wconf 44' lang='lat'>12:30.</span> <span class='ocrx_word' id='word_1_212' title='bbox 398 2731 432 2740; x_wconf 89' lang='lat'>-</span> <span class='ocrx_word' id='word_1_213' title='bbox 457 2705 490 2754; x_wconf 81' lang='grc' dir='ltr'><strong><em>ιε</em></strong></span> <span class='ocrx_word' id='word_1_214' title='bbox 512 2699 614 2755; x_wconf 70' lang='lat' dir='ltr'><strong>psalm.</strong></span> <span class='ocrx_word' id='word_1_215' title='bbox 633 2706 668 2755; x_wconf 76' lang='grc' dir='ltr'><strong><em>κο</em></strong></span> <span class='ocrx_word' id='word_1_216' title='bbox 686 2703 755 2784; x_wconf 79' lang='lat'>(21),</span> <span class='ocrx_word' id='word_1_217' title='bbox 775 2708 853 2826; x_wconf 67' lang='grc' dir='ltr'><strong><em>1ης.</em></strong></span> <span class='ocrx_word' id='word_1_218' title='bbox 874 2733 907 2742; x_wconf 82' lang='grc'>-</span> <span class='ocrx_word' id='word_1_219' title='bbox 931 2707 1036 2771; x_wconf 76' lang='grc' dir='ltr'><strong><em>υι-μ,</em></strong></span> <span class='ocrx_word' id='word_1_220' title='bbox 1057 2706 1117 2768; x_wconf 80' lang='grc' dir='ltr'><strong><em>ιιι,</em></strong></span> 
     </span>
     <span class='ocr_line' id='line_1_26' title="bbox 110 2770 1055 2843; baseline 0.001 -18"><span class='ocrx_word' id='word_1_221' title='bbox 110 2778 126 2825; x_wconf 77' lang='lat'>2</span> <span class='ocrx_word' id='word_1_222' title='bbox 146 2770 221 2827; x_wconf 77' lang='lat' dir='ltr'>Theo</span> <span class='ocrx_word' id='word_1_223' title='bbox 243 2772 304 2827; x_wconf 79' lang='lat' dir='ltr'><strong>oret</strong></span> <span class='ocrx_word' id='word_1_224' title='bbox 320 2788 350 2824; x_wconf 89' lang='lat' dir='ltr'><strong>m</strong></span> <span class='ocrx_word' id='word_1_225' title='bbox 367 2770 401 2825; x_wconf 91' lang='lat' dir='ltr'><strong><em>II.</em></strong></span> <span class='ocrx_word' id='word_1_226' title='bbox 415 2771 503 2841; x_wconf 77' lang='lat' dir='ltr'><strong>Regg.</strong></span> <span class='ocrx_word' id='word_1_227' title='bbox 519 2770 631 2837; x_wconf 72' lang='lat' dir='ltr'><strong>Quaest.</strong></span> <span class='ocrx_word' id='word_1_228' title='bbox 646 2778 680 2826; x_wconf 85' lang='lat'><strong><em>23</em></strong></span> <span class='ocrx_word' id='word_1_229' title='bbox 699 2773 794 2843; x_wconf 79' lang='lat' dir='ltr'>M1gne</span> <span class='ocrx_word' id='word_1_230' title='bbox 836 2789 889 2828; x_wconf 86' lang='lat' dir='ltr'><strong><em>om.</em></strong></span> <span class='ocrx_word' id='word_1_231' title='bbox 905 2777 947 2839; x_wconf 84' lang='lat'><strong><em>80,</em></strong></span> <span class='ocrx_word' id='word_1_232' title='bbox 962 2773 1055 2827; x_wconf 81' lang='lat' dir='ltr'>621A.</span> 
     </span>
    </p>
   </div>
   <div class='ocr_carea' id='block_1_4' title="bbox 110 2936 1118 3084">
    <p class='ocr_par' dir='ltr' id='par_1_4' title="bbox 110 2936 1118 3084">
     <span class='ocr_line' id='line_1_27' title="bbox 182 2936 1116 3013; baseline 0.002 -20"><span class='ocrx_word' id='word_1_233' title='bbox 182 2936 1116 3013; x_wconf 73' lang='grc' dir='ltr'><strong><em>θκαλακίτμετύικ.Ν.-θκαίακλαέντῇυικ.Ε’Ν,-</em></strong></span> 
     </span>
     <span class='ocr_line' id='line_1_28' title="bbox 110 3009 1118 3084; baseline 0 -20"><span class='ocrx_word' id='word_1_234' title='bbox 110 3011 251 3082; x_wconf 77' lang='grc' dir='ltr'><strong><em>θμυλχδμ</em></strong></span> <span class='ocrx_word' id='word_1_235' title='bbox 268 3009 324 3064; x_wconf 83' lang='grc' dir='ltr'><strong><em>ΜΡ</em></strong></span> <span class='ocrx_word' id='word_1_236' title='bbox 351 3011 461 3082; x_wconf 80' lang='grc' dir='ltr'><strong><em>μολχὼμ</em></strong></span> <span class='ocrx_word' id='word_1_237' title='bbox 478 3010 586 3064; x_wconf 84' lang='lat' dir='ltr'>CDHL</span> <span class='ocrx_word' id='word_1_238' title='bbox 609 3011 717 3082; x_wconf 80' lang='grc' dir='ltr'><strong><em>μολχδιμ</em></strong></span> <span class='ocrx_word' id='word_1_239' title='bbox 733 3013 759 3066; x_wconf 85' lang='lat' dir='ltr'><strong>R</strong></span> <span class='ocrx_word' id='word_1_240' title='bbox 781 3013 882 3084; x_wconf 79' lang='grc' dir='ltr'><strong><em>μολγὸν</em></strong></span> <span class='ocrx_word' id='word_1_241' title='bbox 900 3012 948 3066; x_wconf 81' lang='grc' dir='ltr'><strong><em>ΑΒ</em></strong></span> <span class='ocrx_word' id='word_1_242' title='bbox 970 3012 1079 3083; x_wconf 79' lang='grc' dir='ltr'><strong><em>μολγὼυ</em></strong></span> <span class='ocrx_word' id='word_1_243' title='bbox 1092 3010 1118 3063; x_wconf 90' lang='lat' dir='ltr'><strong>V</strong></span> 
     </span>
    </p>
   </div>
   <div class='ocr_carea' id='block_1_5' title="bbox 110 3086 1119 3384">
    <p class='ocr_par' dir='ltr' id='par_1_5' title="bbox 110 3086 1119 3384">
     <span class='ocr_line' id='line_1_29' title="bbox 110 3086 1118 3191; baseline -0.001 -20"><span class='ocrx_word' id='word_1_244' title='bbox 110 3117 252 3188; x_wconf 69' lang='grc' dir='ltr'><strong><em>μολχὼλΡ</em></strong></span> <span class='ocrx_word' id='word_1_245' title='bbox 270 3117 337 3191; x_wconf 84' lang='grc' dir='ltr'><strong><em>μολδ</em></strong></span> <span class='ocrx_word' id='word_1_246' title='bbox 369 3115 401 3172; x_wconf 81' lang='lat' dir='ltr'><strong><em>G.</em></strong></span> <span class='ocrx_word' id='word_1_247' title='bbox 416 3148 450 3157; x_wconf 91' lang='lat'><strong><em>·-</em></strong></span> <span class='ocrx_word' id='word_1_248' title='bbox 471 3122 501 3172; x_wconf 88' lang='lat'><strong><em>11</em></strong></span> <span class='ocrx_word' id='word_1_249' title='bbox 522 3115 591 3189; x_wconf 83' lang='grc' dir='ltr'><strong><em>μέγα</em></strong></span> <span class='ocrx_word' id='word_1_250' title='bbox 605 3116 681 3172; x_wconf 83' lang='lat' dir='ltr'><strong><em>AGV</em></strong></span> <span class='ocrx_word' id='word_1_251' title='bbox 699 3086 768 3186; x_wconf 66' lang='grc' dir='ltr'><strong><em>ήίέΒ</em></strong></span> <span class='ocrx_word' id='word_1_252' title='bbox 787 3135 837 3174; x_wconf 83' lang='lat' dir='ltr'><strong><em>om.</em></strong></span> <span class='ocrx_word' id='word_1_253' title='bbox 852 3118 882 3172; x_wconf 74' lang='lat' dir='ltr'><strong><em>F.</em></strong></span> <span class='ocrx_word' id='word_1_254' title='bbox 897 3149 930 3158; x_wconf 91' lang='lat'>-</span> <span class='ocrx_word' id='word_1_255' title='bbox 951 3123 983 3171; x_wconf 78' lang='lat'><strong><em>12</em></strong></span> <span class='ocrx_word' id='word_1_256' title='bbox 1003 3117 1049 3173; x_wconf 84' lang='grc' dir='ltr'><strong><em>έπί</em></strong></span> <span class='ocrx_word' id='word_1_257' title='bbox 1066 3116 1118 3186; x_wconf 80' lang='grc' dir='ltr'><strong><em>τήν</em></strong></span> 
     </span>
     <span class='ocr_line' id='line_1_30' title="bbox 111 3187 1119 3278; baseline -0.002 -35"><span class='ocrx_word' id='word_1_258' title='bbox 111 3188 237 3258; x_wconf 78' lang='grc' dir='ltr'><strong><em>κεφαλήν</em></strong></span> <span class='ocrx_word' id='word_1_259' title='bbox 244 3187 329 3278; x_wconf 56' lang='grc' dir='ltr'>ΙΒΟΙ)</span> <span class='ocrx_word' id='word_1_260' title='bbox 364 3188 397 3242; x_wconf 91' lang='grc' dir='ltr'><strong><em>Η.</em></strong></span> <span class='ocrx_word' id='word_1_261' title='bbox 412 3220 446 3229; x_wconf 97' lang='grc'>-</span> <span class='ocrx_word' id='word_1_262' title='bbox 462 3194 496 3242; x_wconf 79' lang='lat'><strong><em>18</em></strong></span> <span class='ocrx_word' id='word_1_263' title='bbox 509 3187 594 3244; x_wconf 88' lang='grc' dir='ltr'><strong><em>πάλιν</em></strong></span> <span class='ocrx_word' id='word_1_264' title='bbox 607 3207 659 3246; x_wconf 78' lang='grc' dir='ltr'><strong><em>ουτ.</em></strong></span> <span class='ocrx_word' id='word_1_265' title='bbox 673 3187 731 3278; x_wconf 49' lang='lat' dir='ltr'><strong><em>Ast.</em></strong></span> <span class='ocrx_word' id='word_1_266' title='bbox 749 3221 792 3277; x_wconf 80' lang='lat'><strong><em>&#39;‘.</em></strong></span> <span class='ocrx_word' id='word_1_267' title='bbox 802 3194 837 3243; x_wconf 78' lang='lat'><strong><em>20</em></strong></span> <span class='ocrx_word' id='word_1_268' title='bbox 853 3187 998 3278; x_wconf 80' lang='grc' dir='ltr'><strong><em>ἐπιθήσεις</em></strong></span> <span class='ocrx_word' id='word_1_269' title='bbox 1010 3187 1119 3258; x_wconf 77' lang='grc' dir='ltr'><strong><em>(θήσις</em></strong></span> 
     </span>
     <span class='ocr_line' id='line_1_31' title="bbox 110 3257 1118 3384; baseline -0.002 -70"><span class='ocrx_word' id='word_1_270' title='bbox 110 3257 583 3384; x_wconf 44' lang='lat' dir='ltr'><strong><em>I{Ingila-:munsA)A(J}NRP11811111.</em></strong></span> <span class='ocrx_word' id='word_1_271' title='bbox 603 3291 636 3300; x_wconf 92' lang='lat'><em>-</em></span> <span class='ocrx_word' id='word_1_272' title='bbox 660 3259 695 3315; x_wconf 86' lang='grc' dir='ltr'><strong><em>έπ</em></strong></span> <span class='ocrx_word' id='word_1_273' title='bbox 718 3261 794 3334; x_wconf 79' lang='grc' dir='ltr'><strong><em>αὐτῳ</em></strong></span> <span class='ocrx_word' id='word_1_274' title='bbox 807 3259 880 3313; x_wconf 76' lang='lat' dir='ltr'><strong><em>ACF</em></strong></span> <span class='ocrx_word' id='word_1_275' title='bbox 899 3260 933 3315; x_wconf 71' lang='grc' dir='ltr'><strong><em>ἐπ</em></strong></span> <span class='ocrx_word' id='word_1_276' title='bbox 961 3257 1047 3314; x_wconf 80' lang='grc' dir='ltr'><strong><em>αὐτόν</em></strong></span> <span class='ocrx_word' id='word_1_277' title='bbox 1064 3257 1118 3312; x_wconf 81' lang='lat' dir='ltr'><strong><em>GR</em></strong></span> 
     </span>
    </p>
   </div>
   <div class='ocr_carea' id='block_1_6' title="bbox 109 3461 1120 3677">
    <p class='ocr_par' dir='ltr' id='par_1_6' title="bbox 109 3461 1120 3677">
     <span class='ocr_line' id='line_1_32' title="bbox 185 3461 1118 3536; baseline 0 -18"><span class='ocrx_word' id='word_1_278' title='bbox 185 3469 218 3518; x_wconf 76' lang='lat'><strong><em>12</em></strong></span> <span class='ocrx_word' id='word_1_279' title='bbox 242 3461 343 3534; x_wconf 81' lang='grc' dir='ltr'><strong><em>κόσμος</em></strong></span> <span class='ocrx_word' id='word_1_280' title='bbox 366 3462 596 3536; x_wconf 78' lang='grc' dir='ltr'><strong><em>εὐπρεπέστατος]</em></strong></span> <span class='ocrx_word' id='word_1_281' title='bbox 623 3464 696 3519; x_wconf 80' lang='grc' dir='ltr'><strong><em>κατὰ</em></strong></span> <span class='ocrx_word' id='word_1_282' title='bbox 722 3472 818 3519; x_wconf 80' lang='grc' dir='ltr'><strong><em>πᾶσαν</em></strong></span> <span class='ocrx_word' id='word_1_283' title='bbox 841 3461 1008 3532; x_wconf 81' lang='grc' dir='ltr'><strong><em>εὐπρέπειαν</em></strong></span> <span class='ocrx_word' id='word_1_284' title='bbox 1030 3465 1060 3518; x_wconf 92' lang='grc' dir='ltr'><strong><em>Ρ.</em></strong></span> <span class='ocrx_word' id='word_1_285' title='bbox 1084 3497 1118 3506; x_wconf 89' lang='grc'>-</span> 
     </span>
     <span class='ocr_line' id='line_1_33' title="bbox 114 3534 1120 3628; baseline 0.003 -40"><span class='ocrx_word' id='word_1_286' title='bbox 114 3540 147 3589; x_wconf 87' lang='grc'><strong><em>18</em></strong></span> <span class='ocrx_word' id='word_1_287' title='bbox 170 3535 220 3588; x_wconf 87' lang='grc' dir='ltr'><strong><em>καλ</em></strong></span> <span class='ocrx_word' id='word_1_288' title='bbox 241 3534 344 3628; x_wconf 79' lang='grc' dir='ltr'><strong><em>μεγάλη</em></strong></span> <span class='ocrx_word' id='word_1_289' title='bbox 366 3534 396 3590; x_wconf 91' lang='grc' dir='ltr'><strong><em>Ρ.</em></strong></span> <span class='ocrx_word' id='word_1_290' title='bbox 425 3568 459 3575; x_wconf 94' lang='grc'><strong>-</strong></span> <span class='ocrx_word' id='word_1_291' title='bbox 487 3541 521 3590; x_wconf 72' lang='lat'><strong><em>22</em></strong></span> <span class='ocrx_word' id='word_1_292' title='bbox 544 3534 706 3604; x_wconf 82' lang='grc' dir='ltr'><strong><em>πεπλήρωκέ</em></strong></span> <span class='ocrx_word' id='word_1_293' title='bbox 728 3552 798 3606; x_wconf 82' lang='grc' dir='ltr'><strong><em>φησι</em></strong></span> <span class='ocrx_word' id='word_1_294' title='bbox 824 3536 1044 3604; x_wconf 82' lang='grc' dir='ltr'><strong><em>θεοδάρητοςΡ</em></strong></span> <span class='ocrx_word' id='word_1_295' title='bbox 1071 3537 1120 3608; x_wconf 75' lang='lat' dir='ltr'><strong><em>qui</em></strong></span> 
     </span>
     <span class='ocr_line' id='line_1_34' title="bbox 109 3607 559 3677; baseline 0.004 -18"><span class='ocrx_word' id='word_1_296' title='bbox 109 3623 139 3676; x_wconf 76' lang='lat' dir='ltr'><strong><em>p.</em></strong></span> <span class='ocrx_word' id='word_1_297' title='bbox 155 3611 244 3674; x_wconf 78' lang='grc'>174,1</span> <span class='ocrx_word' id='word_1_298' title='bbox 264 3627 301 3670; x_wconf 85' lang='grc' dir='ltr'><strong><em>ως</em></strong></span> <span class='ocrx_word' id='word_1_299' title='bbox 319 3624 389 3677; x_wconf 84' lang='grc' dir='ltr'><strong><em>φησι</em></strong></span> <span class='ocrx_word' id='word_1_300' title='bbox 409 3607 490 3664; x_wconf 83' lang='grc' dir='ltr'><strong><em>Θεοδ.</em></strong></span> <span class='ocrx_word' id='word_1_301' title='bbox 508 3623 559 3663; x_wconf 79' lang='lat' dir='ltr'><strong><em>om,</em></strong></span> 
     </span>
    </p>
   </div>
   <div class='ocr_carea' id='block_1_7' title="bbox 0 0 1329 3909">
    <p class='ocr_par' dir='ltr' id='par_1_7' title="bbox 0 0 1329 3909">
     <span class='ocr_line' id='line_1_35' title="bbox 0 0 1329 3909; baseline 0 0"><span class='ocrx_word' id='word_1_302' title='bbox 0 0 1329 3909; x_wconf 95' lang='lat' dir='ltr'><strong><em> </em></strong></span> 
     </span>
    </p>
   </div>
  </div>
 </body>
</html>
