2617 3909
525 243 716 298 111³on011
1064 241 1125 307 141

178 393 240 455 Καί
261 394 317 476 γδιρ
340 393 390 456 καὶ
413 391 429 456 δ
453 391 543 475 μέγας
565 394 718 467 Βασίλειος
739 402 845 455 τοῦτον
871 398 982 472 μᾶλλον
1003 391 1128 476 ύπερεκ-ἱ

107 492 309 572 πληττόμενος
331 493 410 554 οῦτοι
437 492 556 570 φάσκεν
581 489 654 553 όταν
681 493 735 553 ἴδοι
758 489 875 553 Μωσέα
901 492 953 554 τδν
975 495 1029 554 τοῦ
1051 497 1127 553 θεοῦ

107 591 282 672 θεράποντα
305 591 358 653 τόν
381 588 472 671 μέγαν
498 589 628 670 ἐκεῖνον,
657 590 709 652 τὸυ
731 589 876 668 τοσαύτης
899 587 953 668 μὲν
975 588 1025 650 καί
1047 594 1127 668 τηλι-

110 689 223 767 καύτης
244 686 411 762 ἀξιωθέντα
433 686 514 769 παρά
534 691 612 749 θεοῦ
634 697 731 767 τιμῆς,
754 687 831 749 οῦτοι
855 685 887 749 δὲ
910 688 1050 761 πολλάκις
1071 681 1124 749 ὑπ’

108 786 206 848 αῦτοῦ
228 784 470 867 μαρτυρηθέντα,
498 783 539 859 ὣς
560 783 698 847 ἀκοῦσαι·
727 785 821 866 ἔγνον
843 803 875 846 σε
902 785 982 866 παρὰ
1004 785 1127 864 πάντας,
1155 807 1167 848 1

108 883 161 944 καὶ
182 884 312 965 εῦρηκας
332 884 419 965 χόριυ
439 882 569 945 ἐνώπιόν
592 899 662 962 μου·
691 891 797 944 τοῦτον
828 883 899 945 όταν
922 884 976 945 θα
1004 882 1052 945 ἐπί
1074 893 1127 945 τοῦ

108 979 221 1056 ύδατος
251 992 304 1062 τῆς
334 981 502 1062 ἀντιλογίας
528 980 652 1054 ούδενδς
679 979 792 1061 ἕνεκεν,
820 977 914 1060 ήίυα
942 981 1036 1060 μόνον
1058 982 1127 1066 είπη

109 1085 151 1163 τῷ
173 1085 233 1164 λαῷ
255 1080 428 1162 γογγύζοντι
454 1080 498 1140 δι’
521 1075 651 1159 ἀπορίαν
678 1077 799 1152 ύδατος·
828 1078 869 1157 μή
893 1077 925 1140 ίκ
948 1088 1001 1158 τῆς
1021 1077 1128 1160 πίτρας

109 1178 221 1256 ταύτης
251 1177 392 1256 λξάξομεν
423 1176 497 1256 ὑμῖν
523 1176 619 1256 ῦδαρς
646 1176 755 1238 τούτου
785 1175 880 1255 μόνου
907 1175 1006 1238 ἕνεκεν
1032 1175 1128 1249 εὐθὺς

110 1271 237 1354 ἀπειλήν
259 1275 418 1357 δεχόμενον
439 1271 483 1348 τίς
505 1272 561 1353 τήν
588 1279 645 1355 γῆν
667 1283 720 1353 τῆς
742 1273 914 1356 ἐπαγγελίας
938 1273 979 1353 μη
1002 1274 1127 1335 είσελεύ-
1142 1293 1168 1335 11
1184 1293 1223 1332 100
1236 1290 1267 1330 11.

109 1379 233 1453 σεσθαι,
263 1374 329 1453 ήτις
355 1365 395 1453 ἦν
422 1370 485 1434 τότε
511 1381 571 1434 τῶν
598 1371 673 1452 πρὸς
696 1367 862 1446 Ἰουδαίους
888 1371 1068 1453 ἐπαγγελιῶν
1094 1371 1127 1432 τὸ

109 1472 286 1550 κεφάλαιον·
320 1471 391 1532 όταν
421 1463 478 1533 οάν
511 1471 566 1532 λ’δα
602 1479 709 1532 τοῦτον
744 1474 973 1548 παρακαλοῦντα
1003 1469 1054 1530 καί
1086 1467 1127 1548 μή

109 1569 370 1650 συγχωρούμενον,
407 1569 479 1630 ὅταν
515 1569 570 1630 λ’δο
607 1569 752 1647 μηδεμιᾶς
788 1569 966 1650 συγγνώμης
1002 1566 1052 1629 διδι
1092 1566 1128 1628 τὰ

108 1675 240 1728 τοσαῦτα
256 1668 473 1748 κατορθώματα
490 1665 539 1728 ίπλ
556 1672 596 1751 τῷ
610 1668 716 1747 βραχεῖ
728 1665 831 1750 ἐκείνῳ
846 1665 955 1746 ῥήματι
973 1663 1128 1739 καταξιού-

110 1787 213 1845 μινον,
237 1763 329 1838 ὄντας
352 1763 406 1843 μὲν
429 1762 488 1846 ὁρῶ
510 1770 587 1826 θεοῦ
607 1763 773 1843 ἀποτομίαν
790 1763 864 1824 κατὰ
882 1763 934 1825 τόν
952 1761 1127 1844 ἀπόστολον,
1142 1783 1168 1824 11

111 1859 206 1934 ὄντας
237 1858 270 1922 δὲ
301 1860 396 1922 ίκεῖυο
427 1860 541 1940 ἀληθὲς
567 1855 644 1922 ιίναι
671 1863 816 1941 πείθομαι
842 1860 888 1924 τό·
916 1862 943 1923 εί
969 1861 985 1924 δ
1013 1861 1128 1934 δίκαιος

111 1959 197 2038 μόλις
220 1959 350 2040 σώζεται,
373 1956 389 2020 δ
411 1957 522 2038 ἀσεβής
543 1957 594 2019 καί
616 1957 787 2039 ἁμαρτωλὸς
809 1968 869 2020 ποῦ
892 1964 1042 2037 φαυεῖται;

180 2056 257 2138 Περὶ
278 2049 316 2118 ού
339 2055 438 2136 μέντοι
460 2055 511 2117 καί
532 2055 550 2118 δ
571 2055 661 2138 μίγας
676 2052 825 2137 Ἰσίδωρος
842 2055 917 2137 πρός
935 2055 1002 2116 τινά
1020 2072 1127 2135 φησιν·

109 2151 175 2216 είπὲ
201 2161 242 2238 τῷ
264 2154 339 2236 πρός
365 2172 398 2216 σε
425 2152 604 2235 διενεχθέντι
623 2149 759 2238 Ἰουδαίῳ
786 2152 837 2214 καί
864 2151 958 2232 μηδὲν
986 2151 1040 2232 μίν
1061 2175 1128 2234 γεν-

110 2259 199 2313 ναῖον
218 2251 293 2332 μηδὲ
311 2251 449 2313 νεανικὸν
468 2252 625 2333 φράσαντι,
645 2250 805 2332 ἀγυρτικὰς
825 2247 857 2312 δὲ
875 2253 1046 2332 λογοποιίας
1063 2247 1129 2330 ἐμί-
1143 2271 1169 2312 εο

111 2368 197 2411 σαντι
228 2348 279 2410 καί
311 2350 441 2428 φήσαντι
472 2348 538 2430 περί
569 2358 622 2410 τοῦ
653 2349 761 2421 παιδὸς
788 2347 879 2427 Ναυή
912 2348 1052 2429 εἰρῆσθαι
1083 2347 1127 2409 τό’

110 2447 274 2529 προφήτην
305 2445 378 2525 ύμῖν
405 2446 562 2526 ἀναστήσει
589 2444 606 2507 δ
633 2445 705 2520 θεὸς
732 2445 765 2508 ἐκ
791 2456 851 2507 τῶν
878 2444 1016 2524 ἀδελφῶν
1043 2444 1129 2525 ύμῶν

111 2541 154 2618 ἀς
180 2543 245 2626 ἐμέ,
277 2544 336 2606 ὅτι·
363 2543 438 2605 κατὰ
468 2544 562 2606 πολλὰ
592 2549 770 2623 πλημμελεῖς
797 2542 839 2623 μή
865 2549 963 2617 καλῶς
988 2551 1069 2606 νοῶν
1095 2544 1128 2605 τὸ

110 2642 340 2724 προηγούμενον
366 2642 439 2722 μήτε
471 2642 532 2721 μὴν
559 2643 593 2704 τδ
620 2640 816 2723 ἐπαγόμενον·
844 2641 937 2704 αύτοῦ
964 2639 1129 2705 ἀκούσεσθε

186 2809 272 2858 1-11
286 2802 373 2857 Basil.
389 2804 424 2858 de
438 2803 523 2858 indic.
534 2804 580 2860 dei
595 2810 611 2859 5
630 2803 726 2874 Migne
740 2803 817 2858 Tom.
833 2809 875 2871 31,
887 2804 969 2858 664Α
982 2805 1016 2871 cf.
1030 2805 1127 2859 Anast.

111 2877 171 2931 Sin.
191 2874 304 2940 Quaest.
324 2879 358 2929 31
377 2873 474 2944 Migne
492 2875 570 2931 Tom.
591 2879 638 2943 89,
658 2875 749 2930 5111).
770 2907 803 2914 —
823 2875 945 2929 5111011.
965 2880 1012 2943 31,
1033 2882 1074 2930 12.
1094 2906 1128 2914 -

112 2953 130 3001 8
150 2946 232 3000 Num.
253 2951 362 3014 20,10.
387 2978 420 2986 -
445 2951 478 2999 ετ
497 2946 576 3001 Rom.
598 2950 644 3012 11,
666 2952 708 3001 τα.
733 2978 766 2988 -
792 2951 824 3000 11
848 2945 961 3000 112011.
981 2953 1011 3013 ε,
1032 2951 1073 2999 18.
1094 2977 1128 2985 -

113 3023 210 3086 18—11.
228 3023 292 3084 142,
307 3022 341 3071 20
359 3017 425 3071 Isid.
444 3017 535 3072 Polus.
551 3017 621 3088 Epp.
638 3017 686 3086 ΠΙ,
701 3022 735 3071 94
758 3017 855 3088 Migne
873 3017 949 3072 Tom.
970 3022 1017 3085 18,
1036 3022 1088 3070 197
1099 3015 1127 3070 C.

111 3121 149 3129 -
167 3094 202 3142 τι
219 3085 332 3144 Denter.
348 3093 391 3156 ιο,
407 3094 448 3142 11.
466 3120 500 3129 -
519 3095 554 3143 τι
572 3088 607 3144 ιο.
623 3105 646 3144 υ.
662 3106 687 3144 υ.
703 3093 749 3155 183
765 3093 807 3142 ιο.

129 3233 132 3237 ·
177 3215 200 3304 ,1
219 3212 377 3268 καλακίιδ
393 3229 444 3269 om.
460 3210 549 3268 GNP.
566 3245 599 3254 -
618 3219 636 3266 4
653 3212 733 3281 παρὰ
750 3221 800 3267 τοῦ
819 3211 963 3298 θεοῦῃΒΜ
980 3225 1030 3266 ουτ.
1047 3210 1078 3265 G.
1094 3241 1129 3250 -

112 3280 998 3426 3111111111‘111501111111111?111111·
1013 3279 1129 3436 λον-τ

111 3428 181 3495 ὑμῖν
198 3442 249 3482 om.
269 3425 351 3482 ABG.
371 3458 405 3467 —
430 3433 463 3481 19
482 3426 660 3497 διαλεχθέντι
678 3425 712 3480 N.
733 3458 766 3468 -
791 3430 824 3479 21
849 3432 922 3494 ναοή
946 3423 1026 3478 codd.
1045 3423 1129 3479 multl

110 3499 157 3553 hic
174 3505 200 3553 et
217 3498 303 3565 τ’κίτα.
324 3529 357 3538 -
376 3504 411 3552 23
429 3501 519 3560 καλῶς
537 3514 587 3553 om.
602 3498 658 3551 AL.

188 3626 220 3675 18
239 3620 334 3690 μέντοι
352 3641 383 3693 γε
400 3623 450 3676 καλ
467 3622 497 3675 Ρ.
581 3701 585 3707 ἡ
