2617 3909
158 191 227 258 182
477 189 665 243 mmor
682 189 866 242 Μοκικου

153 340 338 422 κατηγορίαν
371 339 404 401 τὸ
436 336 488 399 τὸν
519 334 574 416 μέν
604 336 708 399 Σαοὺλ
739 334 1011 416 καταψηφισθέντα
1042 334 1093 397 καί
1124 345 1181 416 τῆς

153 439 245 512 θείας
266 437 382 517 χάριτος
403 432 602 517 γυμνωθέντα
624 434 666 513 μὴ
689 439 859 496 καταλιπεῖν
878 431 960 514 μέγρι
979 432 1081 506 τέλους
1100 435 1181 514 ζωῆς

154 535 267 615 αὐτοῦ,
294 534 346 597 τὸν
369 531 402 596 δέ
429 534 545 614 μυρίων
572 533 674 606 αὐτοῖς
700 530 826 613 ἀγαθῶν
849 530 1009 613 γενόμενον
1031 530 1181 612 πρόξενον
1293 561 1294 628 η

155 630 209 693 καλ
231 632 264 694 τὸ
286 640 346 692 τῶν
368 630 545 709 ἀλλοφύλων
568 630 771 692 καταλύσαντα
796 630 910 710 θράσος
932 629 983 692 καί
1005 630 1058 692 τὸν
1077 623 1179 708 Ἀμοι-

129 728 215 808 εληκ
232 729 424 811 πανωλεθρίᾳ
437 726 492 807 μέν
510 727 738 808 παραδόσαντα,
753 723 941 807 Ἰδουμαίους
959 724 992 789 δέ
1010 726 1060 788 καλ
1077 731 1179 790 Μωα-
1228 769 1232 776 -
1293 805 1294 814 ¹

158 826 242 906 βίτας
271 825 321 886 καλ
345 819 524 905 Ἀμμανίτας
550 823 601 886 καί
628 825 749 906 Σύρους
777 823 933 906 ἑκατέρους
960 824 1179 909 χειρωσάμενον

158 922 208 984 καλ
243 923 471 1003 δουλωσάμενον
506 922 557 984 καί
594 923 709 1004 φόρους
745 921 953 1004 ἀναγκάσαντα
989 921 1092 1005 φέρειν
1127 923 1181 986 καλ

153 1031 346 1101 ,προφητικης
368 1022 485 1103 χάριτος
507 1019 717 1082 ἀπολαύσαντα
738 1020 777 1081 ού
801 1019 894 1100 μόνον
917 1019 1080 1101 κατέλιπεν,
1103 1019 1179 1082 ἀλλά

152 1117 208 1181 ,καί
229 1117 522 1200 ἀντιπαρατάξασθαι
543 1118 594 1180 καί
617 1119 723 1200 δρᾶσαι
745 1116 781 1179 τδι
802 1119 952 1197 πολεμίων
969 1117 1019 1180 καί
1039 1129 1179 1200 συμπρά-

113 1217 207 1292 1ο.ξαι
229 1218 380 1303 μιαιφόνῳ
403 1217 453 1279 καί
475 1216 638 1300 παρανόμῳ
662 1215 761 1300 τέκνῳ.
799 1215 873 1278 ὅθεν
896 1214 912 1279 δ
936 1217 1050 1290 δίκαιος
1073 1216 1179 1298 κριτὴς
1294 1237 1295 1262 ³

157 1313 268 1388 αύτούς
292 1315 376 1389 δίκας
403 1314 591 1396 εἰσεπράξατο
620 1313 671 1375 διδι
697 1323 750 1393 τῆς
777 1311 950 1388 ὑποθέσεως
973 1314 1079 1375 Δαυίδ.
1126 1313 1178 1376 καὶ

158 1411 214 1493 γὰρ
237 1411 328 1474 αύτδν
355 1411 518 1492 ἠδίκησαν,
545 1410 649 1486 καθὼς
675 1412 766 1490 δηλοῖ
783 1409 834 1473 καὶ
856 1407 875 1489 ἡ
900 1411 1013 1494 ἱστορία
1036 1409 1176 1492 λέγουσα·

56 1529 144 1570 ικειι.
158 1507 209 1570 καί
236 1508 398 1591 προσέθετο
427 1507 500 1593 ὀργῇ
527 1509 631 1592 κύριος
658 1507 801 1588 ἐκκαῆναι
827 1508 860 1570 ἐν
879 1503 1004 1590 Ἰσραήλ.
1049 1507 1087 1570 ού
1114 1509 1178 1588 μὴν

158 1603 191 1666 δέ
218 1604 291 1666 ἀλλά
318 1604 368 1666 καί
390 1604 481 1678 αύτδς
508 1605 559 1666 διὰ
584 1616 637 1686 τῆς
660 1607 752 1687 αὐτῆς
779 1605 1002 1679 ἐπαναστάσεως
1028 1615 1082 1668 τοῦ
1105 1607 1178 1668 υἱοῦ

113 1724 144 1766 15
158 1702 243 1775 δίκας
270 1701 401 1783 ἐναργεῖς
428 1702 501 1764 έτισε
528 1712 582 1764 τοῦ
609 1727 639 1765 τε
669 1703 767 1782 φόνου
795 1703 845 1765 καί
872 1714 925 1785 τῆς
948 1705 1077 1785 μοιχείας
1100 1704 1177 1766 κατὰ

156 1799 212 1879 τὴν
234 1801 324 1861 θείαν
346 1798 520 1882 πρόρρησιν.
566 1800 641 1881 φησί
664 1802 733 1883 γάρ·
760 1801 828 1863 τάδε
856 1801 932 1884 λέγει
959 1802 1074 1884 κύριος·
1104 1802 1173 1864 ίδού

153 1895 213 1978 έγδο
236 1896 338 1980 έγείρω
361 1896 438 1958 κακά
460 1897 507 1959 έπλ
531 1896 562 1960 σέ
585 1898 618 1961 ἐκ
640 1908 694 1960 τού
717 1900 803 1961 οἴκου
827 1918 892 1981 σου,
916 1898 966 1960 καλ
987 1899 1023 1960 τά
1046 1899 1124 1980 ἑξῆς.

215 1990 308 2057 Ὅσον
330 1997 433 2058 τοίνυν
461 1993 580 2076 ὀνίνησι
606 1998 714 2074 θλίψις
737 1996 788 2058 καί
810 1997 952 2081 συμφορά
974 1996 1024 2059 καλ
1047 1997 1176 2081 μέριμνα

153 2091 206 2154 καλ
233 2092 266 2154 ἐκ
297 2094 406 2172 ταύτης
438 2091 469 2156 δέ
502 2104 555 2175 τῆς
586 2094 716 2175 ἱστορίας
744 2095 948 2174 μανθάνομεν.
994 2094 1176 2175 διωκόμενος

112 2212 142 2254 2⁰
155 2189 211 2275 γὰρ
234 2190 293 2253 όπδ
316 2200 370 2260 τοῦ
393 2191 496 2254 Σαοὺλ
519 2190 535 2254 δ
558 2198 643 2266 θεῖος
667 2184 754 2266 οὗτος
773 2191 874 2253 Λαυλδ
896 2202 996 2255 πᾶσαν
1014 2193 1175 2274 κατώρθου
1296 2259 1297 2262 ,

155 2290 349 2369 φιλοσοφίαν,
371 2288 422 2350 καί
444 2290 699 2370 παραταττόμενος
723 2287 777 2370 μέν
799 2288 850 2352 καί
872 2295 936 2366 ταῖς
960 2292 1097 2372 φροντίσι
1115 2301 1175 2354 τῶν

154 2386 291 2466 πολέμων
306 2385 472 2468 ένασγολῶν
485 2385 541 2466 τὴν
557 2386 694 2449 διάνοιαν
710 2386 784 2448 κατά
798 2386 868 2462 τοὺς
882 2388 980 2468 ἱεροὺς
993 2387 1174 2453 ἐπολιτεύετο

154 2483 281 2564 νόμους,
313 2483 469 2565 ἀνακωγῆς
501 2482 533 2546 δέ
565 2484 662 2566 τυχὼν
692 2483 793 2566 ὀλίγης
824 2484 876 2548 τὸν
904 2483 1028 2548 ὄλισθον
1060 2486 1175 2550 ἐκεῖνον

227 2640 260 2688 13
279 2634 312 2689 Π.
327 2636 415 2706 Regg.
431 2642 478 2705 24,
494 2642 517 2690 1.
537 2670 571 2679 -
597 2644 629 2692 16
648 2639 786 2709 H.Regg.
803 2644 907 2706 12,11.
930 2670 963 2680 -
988 2643 1094 2710 18-μ.
1112 2646 1173 2707 183,

151 2710 187 2759 11
207 2704 373 2761 Theodoret.
388 2709 424 2762 τό.
440 2707 552 2773 Quaest.
569 2715 602 2763 24
621 2709 718 2781 Migne
733 2714 785 2764 624
795 2710 828 2763 A.

226 2853 240 2901 1
260 2848 292 2903 τὸ
311 2866 364 2903 om.
383 2849 447 2903 NR.
472 2881 506 2891 -
529 2856 545 2904 3
564 2853 684 2922 ἀγαθῶν
703 2853 838 2915 αύτοῑςΡ
862 2853 984 2923 ἀγαθῶν
1006 2869 1057 2908 om.
1077 2852 1114 2906 Μ.
1138 2886 1173 2895 -

213 2939 239 2988 μ.
259 2918 310 2989 μὲν
332 2924 431 2976 πανολ.
450 2924 554 2989 παραδ.
573 2923 626 2977 FL.
651 2955 685 2964 -
715 2929 730 2977 ὅ
754 2921 912 2993 πανολεθρί
959 2923 1040 2979 codd.
1061 2931 1174 2994 praeter

260 3034 266 3044 .
287 3023 320 3032 —
340 2998 355 3046 6
375 2989 513 3061 ἀμανίτας
532 2992 612 3048 OFG.
634 3026 670 3036 -—
693 3001 709 3049 8
729 2993 890 3050 κατέλειπεν
909 2944 1026 3050 ἀίδιΜΡ
1050 2994 1173 3051 κατέλει-

148 3080 208 3116 πον
227 3061 253 3114 Η
276 3062 424 3119 κατέλιπον
438 3065 464 3118 R
482 3066 656 3134 (καταλιπεῖν
675 3065 800 3136 Theod.).
819 3097 855 3108 -
874 3072 890 3120 9
908 3065 944 3122 τά
961 3076 1017 3124 τῶν
1036 3070 1097 3121 πολ.
1116 3066 1172 3122 PG.

148 3163 186 3173 —
207 3138 239 3186 11
259 3129 342 3197 δίκας
359 3136 463 3200 αύτούς
480 3133 615 3190 1111-
635 3142 669 3190 13
689 3137 721 3204 όρ
741 3137 757 3206 ὴ
776 3137 874 3205 κύριος
892 3138 913 3191 L
938 3137 1007 3207 όργῆ
1027 3135 1128 3206 κυρίου
1142 3138 1174 3192 Μ

147 3203 248 3271 κύριος
266 3204 334 3277 ἀργῇ
348 3207 407 3261 BF.
421 3239 456 3247 -
475 3213 509 3261 14
528 3207 614 3276 αὐτῆς
627 3224 678 3262 om.
693 3159 751 3263 Εά.
768 3240 802 3250 -
817 3213 850 3263 19
870 3209 901 3263 δέ
933 3209 969 3280 δὴ
983 3210 1006 3262 Β
1021 3225 1072 3264 ουτ.
1087 3209 1172 3264 FRV.

150 3304 186 3314 —
201 3280 235 3328 20
252 3272 334 3338 οὗτος
347 3294 397 3333 om,
412 3277 524 3332 ABGL.
540 3311 574 3319 -
589 3277 734 3346 κατόρθου
749 3279 906 3334 ABOFHL
939 3313 994 3333 .—
1014 3286 1047 3334 21
1063 3299 1173 3349 παρατ-

146 3341 267 3412 τόμενος
284 3347 307 3400 Ρ
328 3347 532 3419 ταραττόμενος
549 3348 586 3403 Μ.
608 3381 640 3390 -
661 3356 694 3404 22
713 3347 853 3420 πολεμίων
871 3351 949 3405 FLR.

223 3490 240 3536 4
257 3485 307 3540 τὸν
321 3487 372 3556 μὲν
385 3490 432 3558 ἀμ.
446 3489 649 3558 παραδόσαντα
664 3495 762 3546 πανολ.
777 3491 807 3545 Ρ.
824 3523 858 3533 -
874 3498 906 3547 12
921 3491 1069 3564 ἠδίκησαν.
1099 3489 1170 3563 ὅπερ

147 3552 187 3621 δὴ
207 3555 256 3607 καλ
273 3555 291 3624 ἡ
311 3556 360 3611 λστ,
376 3560 499 3628 δηλοῦσα
518 3557 605 3630 φησίν
624 3560 653 3615 Ρ.
