2617 3909
175 240 195 304 2
485 243 671 295 ΓΕΩΡΓΙΟΤ
688 243 871 295 MONAXOT

174 391 331 464 ὀασκαλίας
358 396 543 471 ψνχωφελεῐς
566 388 784 471 ἐντετυχηκότες
807 388 936 470 ἀκριβῶς
958 389 1032 450 κατὰ
1053 390 1086 452 τό
1109 386 1185 469 ήμῖν

173 487 294 568 ἐφικτόν
321 487 370 549 καὶ
392 486 640 570 περιεσκεμμένως
662 487 695 549 ἐν
718 488 804 572 φόβῳ
827 492 902 548 θεοῦ
924 485 975 547 καὶ
997 489 1093 549 πίστει
1116 512 1184 569 χρο-

173 586 268 666 νικόν,
290 594 375 647 τοῦτο
399 585 437 665 ὀὴ
460 585 492 648 τό
516 586 621 667 μικρὸν
643 584 694 646 καλ
716 583 889 657 πανεντελές
908 586 1105 667 βιβλιόάριον,
1123 586 1183 661 ἕξε-

172 682 289 763 θέμεθα
320 682 355 743 τόι
386 684 460 764 πρὸς
492 682 597 762 όνησιν
628 682 661 744 ἐκ
689 687 806 745 πολλῶν
836 680 965 763 ὀλίγιστα
994 684 1184 745 συντείνοντα

76 801 131 863 εκ.
146 802 158 842 ο
172 790 271 853 ποσῶς
299 780 368 860 μετὰ
390 781 485 843 πόνου
509 779 695 853 συλλέξαντες
716 780 766 841 καὶ
789 778 962 860 συνθέντες,
990 780 1007 841 ό
1029 804 1061 862 γε
1084 792 1183 843 πᾶσαν

82 870 83 881 ’
172 876 226 957 μέν
252 877 398 957 ἀλήθειαν
427 876 567 956 ἀκομψον
594 877 644 939 καὶ
672 877 873 939 ἀκατάσκευον
902 877 1020 957 σφόόρα
1048 875 1184 959 περιέχον

172 977 418 1057 ὀραματουργίαν,
440 974 586 1057 ἀναγκαῖα
600 973 632 1037 δὲ
646 976 726 1036 πάνυ
744 974 795 1036 καὶ
813 975 939 1057 χρήσιμα
953 976 1019 1036 λίαν
1038 970 1120 1055 οἶμαι
1138 970 1180 1037 δι’

170 1074 311 1154 ἐπιτομῆς
334 1073 384 1135 καί
407 1074 570 1153 σαφηνείας
592 1073 801 1155 έναργεστάτης
823 1072 1035 1153 ὑφηγούμενον
1058 1072 1103 1134 ότι
1126 1073 1182 1152 μά-

170 1176 260 1233 λιστα.
297 1178 433 1255 κρεῖσσον
460 1171 516 1253 γάρ
544 1170 614 1250 μετὰ
635 1170 779 1250 ἀληθείας
801 1171 946 1247 ψελλίζειν
968 1168 989 1249 ή
1012 1170 1083 1250 μετά
1104 1171 1181 1247 ψεό-

121 1282 156 1353 ἱλο
171 1270 243 1344 ὀους
265 1271 462 1343 πλατωνίζειν.
508 1268 562 1349 οὐχ
584 1269 655 1330 όταν
678 1268 732 1351 γάρ
759 1266 775 1329 ό
797 1268 883 1350 λόγος
904 1267 954 1349 ρεΐ
971 1267 1022 1329 καί
1044 1268 1098 1342 ἔξω
1121 1277 1181 1330 τῶν

158 1368 249 1451 -όρων
272 1367 390 1449 φέρεται
412 1366 586 1446 θαυμαστός
608 1366 696 1447 ἐστιν,
719 1362 782 1427 ἀλλ’
804 1366 874 1428 όταν
897 1364 1007 1445 βραχὺς
1030 1363 1083 1445 μὲν
1101 1354 1120 1450 ή
1138 1371 1180 1450 τῷ·

170 1466 270 1546 μήκει,
297 1466 395 1545 πολὺςΙ
417 1462 448 1527 ὀὲ
476 1470 538 1538 τοῖς
565 1464 756 1544 ἐνθυμήμασι
783 1462 833 1524 καί
860 1460 892 1523 ἕν
919 1466 958 1548 τῷ
983 1463 1119 1549 συντόμῳ
1146 1462 1179 1524 τὸ

169 1562 384 1644 ἀπαράλειπτον
411 1562 460 1623 καί
488 1560 604 1643 ἀτρεκὲς
630 1562 704 1641 ἔχων
731 1569 790 1622 τῶν
813 1558 982 1641 ἀναγκαίων
1005 1558 1055 1621 καί
1078 1558 1180 1639 ὀνησι-

170 1660 272 1742 φόρων
290 1660 349 1724 ὑπὸ
368 1670 421 1721 τοῦ
440 1668 544 1740 καιροῦ
565 1661 688 1739 μάλιστα
705 1657 755 1719 καί
773 1667 831 1719 τῶν
845 1659 1006 1738 βασκανίας
1019 1656 1069 1718 καλ
1082 1659 1180 1737 πόσης

129 1778 154 1819 το
168 1757 358 1831 ὀθελοκακίας
374 1756 605 1839 ἀπηλλαγμένων
621 1755 777 1838 ψνχωθελς
792 1755 983 1836 ζωτικότερος
999 1754 1179 1836 ἀναδειχθή-

168 1874 255 1920 σεται.
301 1857 332 1918 οί
351 1856 406 1938 γάρ
429 1878 475 1918 τοι
497 1852 689 1933 πνευματικρλ
711 1853 746 1915 τόι
769 1852 951 1932 πνευματικὰ
973 1855 1179 1935 συγκρίνοντες

167 1953 217 2015 καὶ
244 1952 451 2035 ἀνακρίνοντές
478 1977 507 2015 τε
534 1952 583 2015 καλ
609 1952 829 2031 μεταλλεύοντες
852 1948 892 2024 ὡς
915 1950 1107 2030 ἐπιστήμονες
1129 1950 1180 2013 καὶ

167 2052 284 2132 δόκιμοι
311 2051 362 2125 τόις
389 2052 550 2133 ίερολογίας
577 2050 613 2113 οὐ
641 2048 775 2131 λαμπράς
801 2047 851 2109 καὶ
877 2048 1037 2130 γριφώόεις
1060 2047 1110 2109 καλ
1133 2071 1178 2109 τε-

166 2147 361 2231 τορνευμένας
383 2147 472 2222 λέξεις
494 2147 544 2209 καί
567 2148 717 2222 συντάξεις
739 2145 892 2227 ἕντέχνονς
914 2145 964 2207 καί
985 2147 1178 2226 καλλιεπείας,

127 2268 152 2307 eo
167 2247 198 2309 έν
221 2242 269 2321 αἷς
291 2246 323 2308 τό
347 2247 460 2324 ψεῦδος
482 2246 622 2319 πολλάκις
645 2243 696 2306 όιόι
717 2254 769 2325 τής
787 2243 957 2323 ὀεινοτάτης
975 2245 1108 2323 μεθόδου
1126 2242 1177 2305 καὶ

166 2354 347 2424 κατασκευῆς
373 2342 599 2425 ἐπικράπτοντες
626 2344 658 2405 οἱ
680 2341 772 2403 ὀεινολ
794 2340 844 2402 καί
866 2341 936 2415 τοὺς
958 2340 1176 2421 ἀπερισκέπτως

165 2441 215 2503 καλ
233 2441 435 2522 ἀβασανίστως
452 2439 709 2522 ἀναγινώσκοντας
727 2439 959 2514 έκλανθάνοντες
977 2437 1174 2520 ἐπιζητοῦσιν,

166 2538 238 2600 ἀλλά
263 2538 315 2611 τάς
342 2537 469 2623 ἀληθείη
495 2537 740 2618 λαμπρυνομένας
767 2538 880 2621 ῥήσεις,
910 2538 937 2599 ει’
958 2537 1008 2598 καὶ
1031 2536 1081 2598 ὀιόι
1102 2539 1176 2618 βαρ-

165 2637 341 2718 βαριζοόσης
363 2635 413 2698 καί
436 2636 654 2716 σολοικιζοόσης
677 2634 882 2715 ἕκφωνοῶνται
903 2637 1039 2717 γλώττης.
1078 2635 1176 2715 εόροις

125 2744 151 2796 ‘25
165 2736 267 2795 τοίνυν
290 2734 307 2794 ό
328 2756 360 2816 γε
383 2743 492 2807 πιστῶς
514 2732 564 2794 καί
586 2743 733 2814 νουνεχῶς
755 2758 784 2796 τε
807 2733 856 2795 καί
878 2732 1025 2813 ἀφθόνως
1047 2732 1108 2812 άμα
1125 2731 1176 2795 καί

237 2993 254 3040 4
269 2984 391 3058 ὀλίγιστα
406 2984 464 3039 ΟἸ)
485 2982 587 3055 ὀλίγοις
600 2984 635 3038 τὰ
648 2984 676 3037 Η
695 2982 775 3055 ὀλίγα
788 2984 824 3039 τόι
837 2984 863 3037 R
880 2981 961 3053 ὀλίγα
974 2983 1042 3038 L¹V.
1061 3016 1094 3025 -
1114 2990 1130 3038 5
1144 2984 1176 3041 τό

164 3078 195 3129 γε
213 3057 245 3112 V.
274 3090 311 3099 —
337 3061 353 3110 9
371 3052 430 3161 μετ’
452 3054 588 3125 ἀληθείας
607 3054 639 3109 V.
668 3086 703 3099 -·
732 3061 765 3109 10
789 3053 833 3126 ῥεῖ
848 3087 883 3095 -
901 3053 1067 3124 θαυμαστός
1089 3056 1175 3129 ἐστιν]

164 3127 246 3200 όητός
260 3127 368 3185 ἐστινΟ
394 3126 454 3181 rell.
468 3144 518 3182 οιιι.
533 3158 567 3169 -
582 3124 616 3198 βῆ
630 3126 663 3180 Ι).
680 3159 714 3167 -
730 3133 762 3181 11
777 3126 896 3196 φέρηται
910 3126 978 3180 L’V.
993 3158 1029 3167 -
1044 3132 1078 3181 16
1091 3145 1176 3182 πνεν·

165 3210 284 3271 ματικῶς
297 3200 329 3255 V.
350 3231 383 3240 -
404 3204 436 3252 17
456 3217 485 3253 τε
499 3214 549 3253 om.
564 3199 628 3252 NR.
649 3231 683 3239 -
703 3204 737 3252 18
755 3200 789 3253 οό
802 3202 941 3268 λαμπραῖς
959 3200 1008 3251 καί
1021 3198 1175 3268 γριφόὀεσι

164 3274 212 3327 καὶ
229 3269 438 3341 τετορευμέναις
456 3271 514 3341 (sic)
533 3269 620 3335 λέξεσι
637 3271 687 3325 καλ
703 3269 866 3335 συντάξεσιν
885 3268 1023 3340 έντέχνοις
1040 3268 1089 3322 καί
1108 3271 1175 3322 καλ-

164 3340 279 3417 λιεπείηι,
298 3344 328 3399 ἐν
343 3339 386 3407 οἶς
399 3341 431 3396 V.
451 3372 486 3383 --
504 3342 656 3411 γριφώόεις
668 3360 698 3396 τε
711 3340 760 3395 καλ
775 3340 834 3394 ΟἸ)
857 3361 933 3412 γριφ.
948 3338 978 3395 τέ
990 3356 1058 3394 ποτε
1076 3340 1125 3393 καὶ
1138 3339 1173 3393 H.

165 3446 198 3454 -
218 3419 250 3467 19
269 3413 354 3479 λέξεις
366 3432 396 3469 τε
410 3413 458 3468 καί
472 3411 514 3466 Ιι’.
530 3444 565 3452 -
584 3409 746 3475 καλλιεπίας
758 3411 831 3466 C'N.
851 3442 885 3454 -
905 3417 937 3465 21
957 3410 1175 3477 ἐπικράττονται

163 3486 189 3538 R
208 3485 407 3553 ἐπικρύπτουσι
419 3484 452 3538 V.
472 3515 505 3524 -
525 3483 574 3537 καί
591 3500 641 3540 om.
659 3482 693 3537 V.
713 3511 747 3523 -—
770 3488 803 3537 22
824 3480 1051 3543 ἐκλανθάνοντας
1070 3480 1132 3535 0¹N
1151 3488 1177 3537 et

163 3555 330 3611 recentiores
349 3556 472 3625 quidem.
495 3553 682 3610 έκλανθάνειν
695 3553 738 3608 Ιι’.
754 3586 788 3594 -
807 3560 842 3609 24
861 3554 982 3624 γλώσσης
994 3551 1062 3605 L²N
1080 3554 1173 3609 ίκοετλ.

163 3629 195 3688 λη
212 3626 245 3681 V.
264 3659 297 3668 -
318 3632 351 3681 τό
370 3628 419 3681 καλ
437 3634 500 3682 ante
518 3634 656 3696 νουνεχῶς
674 3642 725 3681 om.
745 3625 778 3679 V.
798 3657 832 3667 —
851 3645 880 3680 τε
899 3641 948 3679 om.
968 3623 1001 3677 N.
