2617 3909
186 241 251 306 228
497 243 683 294 Γοοευιου
700 245 883 295 ιιοοιΑΧου

86 401 172 445 16311.
188 390 238 452 διὰ
259 391 292 452 τὸ
316 390 438 471 μηδέπω
461 391 542 452 λύειν
564 389 666 462 αύτοῖς
687 390 744 469 τὴν
766 392 854 470 δίκην
876 387 929 453 τοῦ
953 391 988 453 τὰ
1010 393 1101 454 λοιπὰ
1124 394 1203 474 ἔθνη

186 490 311 551 λύεσθαι
333 499 386 569 τῆς
413 489 455 562 είς
482 490 552 562 τούς
579 487 683 570 άγίους
710 489 823 569 ὕβρεως
849 490 954 551 εἵνεκα.
1000 492 1124 552 λύονται
1146 492 1202 573 γὰρ

185 589 217 649 οἱ
237 597 365 649 τοιοῦτοι
391 585 441 647 καί
469 585 637 668 ἐπέρχονται
666 595 702 671 τῇ
730 593 783 671 γῇ,
811 588 915 660 καθώς
943 607 1037 667 φησιν
1057 583 1203 669 Ἰωάννης

185 683 235 746 καί
258 686 290 746 οἱ
310 693 475 765 προφῆται,
502 683 552 744 καὶ
579 684 750 763 κινούμενοι
777 695 913 746 κινοῦσιν
937 687 979 760 είς
1002 685 1101 768 ὁρμὴν
1123 688 1202 749 ἐκδι-

159 784 252 856 σκίοις
275 781 310 842 τά
332 781 418 860 ἔθνη.

158 960 160 970 ,
222 921 225 932 ι
252 879 313 940 Καὶ
336 878 436 959 μέντοι
457 903 489 961 γε
516 879 567 940 καί
589 878 605 942 ὅ
628 878 786 954 θεσπέσιος
809 881 988 963 Νινηφύρος
1010 886 1201 944 Κωνσταντι-

89 1016 96 1030 ·
185 977 354 1051 νουπύλεοις
381 973 474 1040 εἶπεν·
503 979 587 1057 ἴσμεν
615 975 647 1038 δὲ
673 977 724 1038 καί
753 979 928 1058 πιστεύομεν
955 979 1007 1053 τὰς
1029 979 1104 1061 πρὸς
1127 982 1202 1042 θεὸν

186 1077 357 1158 ὃοξολογίας
380 1074 465 1156 ἡμῶν
485 1075 534 1137 διὰ
552 1085 610 1136 τῶν
629 1074 723 1157 ἁγίων
740 1074 871 1157 ἀγγέλων
888 1077 1103 1158 προσάγεσθαι,
1120 1079 1201 1159 εἴπερ

186 1175 265 1236 ἐστίν
288 1173 399 1255 ἀληθὲς
421 1175 467 1237 τό·
491 1177 523 1236 οί
542 1173 659 1256 άγγελοι
681 1173 780 1235 αύτῶν
804 1173 853 1234 διὰ
875 1175 985 1248 παντὸς
1007 1174 1152 1256 βλέπουσι
1170 1177 1201 1236 τὸ

146 1293 173 1332 10
187 1275 348 1356 πρόσωπον
370 1283 423 1335 τοῦ
446 1273 555 1356 πατρός
579 1295 636 1352 μου
659 1282 712 1333 τοῦ
735 1271 767 1333 ἐν
790 1278 851 1345 τοῖς
874 1273 1021 1353 οὐρανοῖς.
1059 1275 1089 1334 τί
1109 1275 1202 1355 πράτ-

186 1395 284 1444 τοντες
307 1369 327 1452 ἢ
350 1373 379 1432 τί
404 1370 549 1453 λέγοντες,
577 1368 597 1450 ἢ
620 1371 739 1444 πάντως
765 1393 797 1451 γε
825 1369 877 1442 τὰς
899 1371 1027 1449 αἰτήσεις
1050 1369 1137 1450 ἡμῶν
1161 1373 1202 1446 εἰς

185 1469 221 1530 τὰ
244 1463 303 1530 ὦτα
330 1471 436 1550 κυρίου
460 1467 597 1549 Σαβαὼθ
625 1468 791 1549 εἰσάγοντες
820 1469 906 1529 θεων
933 1466 1006 1547 ἡμῖν
1033 1469 1125 1530 αύτὸν
1154 1469 1202 1531 ἐπὶ

108 1587 115 1618 ι
187 1573 248 1640 τοῖς
271 1565 488 1648 πεπραγμένοις
511 1566 798 1648 παρασκευάζουσιν,

245 1659 341 1724 Ὅθεν
369 1663 407 1741 θη
436 1663 540 1724 λοιπὸν
567 1663 686 1736 εἰκότως
717 1664 759 1736 εἰς
787 1663 876 1743 τιμην
905 1663 1004 1725 αὐτῶν
1031 1664 1081 1725 καὶ
1109 1666 1203 1738 ναούς

147 1779 173 1819 15
187 1761 335 1844 ἐγείρομεν
365 1759 415 1821 καὶ
442 1769 646 1841 πνευματικῶς
674 1761 856 1843 ἑορτάζοντες
883 1763 1100 1843 θοξολογοῦμεν
1126 1763 1202 1824 θεὸν

186 1858 238 1920 τὸν
262 1859 426 1931 θοξάσαυτα
449 1858 557 1932 αύτούς
579 1881 609 1920 τε
632 1857 683 1919 καί
705 1859 775 1933 τοὺς
802 1857 906 1940 ἁγίους
928 1860 1056 1940 πάντας,
1079 1853 1123 1921 ὧν
1146 1860 1202 1940 την
1295 1920 1297 1939 ;

187 1957 270 2031 τάξιν
292 1954 324 2037 γέ
347 1979 392 2018 τοι
419 1955 469 2018 καί
496 1957 598 2017 στάσιν
625 1957 687 2036 άμοι
712 1955 763 2017 καί
790 1957 844 2036 τὴν
867 1957 1016 2038 ὑπεροχὴν
1039 1967 1092 2020 τοῦ
1115 1961 1203 2020 θείου
1295 1948 1296 1957 ¹

187 2063 340 2135 φωτισμού
363 2053 413 2116 καί
436 2054 516 2128 ὅπως
539 2056 571 2116 οἱ
590 2052 779 2135 ὑπερέχοντες
807 2061 869 2128 τοῖς
892 2053 1095 2135 ύποβεβηκόσι
1118 2080 1202 2136 μετα·
1295 2088 1297 2151 φ

187 2152 303 2214 διδόασι
325 2162 377 2214 τοῦ
399 2175 429 2214 τε
453 2159 606 2232 φωτισμοῦ
624 2151 675 2213 καί
692 2161 746 2232 τῆς
763 2153 899 2234 γνώσεως
916 2152 997 2234 παρά
1015 2164 1068 2215 τοῦ
1086 2172 1202 2236 γριστο-
1295 2162 1297 2233 ;

146 2269 173 2308 ²⁰
187 2251 284 2331 'qoo'qov
312 2248 441 2330 μυηθεὶς
464 2248 479 2312 ὅ
507 2249 596 2332 μέγας
622 2249 673 2310 καί
699 2248 892 2324 άτιοστολικὸς
919 2251 1080 2324 Διονύσιος
1108 2253 1204 2326 ούτως
1295 2258 1297 2337 f

187 2347 258 2427 ἔφη·
287 2349 383 2420 πάσας
406 2345 425 2426 ἡ
451 2349 590 2430 θεολογία
613 2347 665 2420 τὰς
692 2347 851 2430 ούρανίους
879 2349 1020 2429 δυνάμεις
1042 2347 1129 2410 ἐννέα
1151 2349 1200 2410 κε’-
1295 2352 1297 2412 ἒ

187 2450 294 2524 κίηκεν
331 2444 557 2528 ἐκφαντορικαῖς
593 2445 776 2525 ἐπωνυμίαις
805 2445 855 2507 καί
886 2447 928 2520 εἰς
959 2453 1036 2528 τρεῖς
1067 2445 1204 2528 ἀφορίζει
1295 2456 1297 2525 ξ

187 2542 337 2624 τριαθικύις
369 2544 585 2623 διακοσμήσας.
630 2543 681 2604 καὶ
709 2544 830 2626 πρώτην
858 2543 911 2624 μὲν
939 2539 1017 2606 εἶναί
1042 2562 1119 2624 φησι
1146 2546 1202 2624 τὴν
1295 2528 1297 2637 ζ

259 2773 354 2822 6—13
377 2767 495 2837 Niceph.
517 2767 640 2823 Antirrh.
659 2767 698 2836 Π,
714 2774 746 2822 11
770 2769 867 2839 Migne
885 2768 962 2822 Tom.
979 2774 1043 2837 100,
1059 2769 1144 2823 οιεΒ
1165 2762 1204 2824 ἰι

186 2839 284 2893 Αοειεθ.
300 2840 344 2893 11.
361 2839 455 2892 6241).
471 2871 504 2879 -
524 2844 539 2892 9
556 2839 657 2894 Matth.
674 2845 716 2908 18,
727 2846 769 2894 10.
785 2872 818 2880 —
837 2844 945 2910 21-1).
962 2846 1022 2912 2¹29,
1034 2845 1067 2894 13
1083 2838 1203 2908 Dionys.

187 2911 288 2980 Areop.
308 2911 342 2964 de
362 2909 428 2966 coel.
448 2910 516 2964 hier.
533 2917 587 2979 6‚2
607 2911 703 2982 Migne
722 2912 799 2966 Tom.
816 2917 841 2979 3,
855 2917 907 2964 200
917 2911 950 2964 D.

260 3093 274 3142 7
295 3088 397 3157 ἔφησεν
417 3087 441 3140 A
465 3086 518 3157 ἔφη
536 3088 568 3142 R.
593 3120 626 3128 —
654 3095 688 3142 10
710 3097 769 3152 τοῖς
790 3105 840 3144 ουτ.
855 3089 957 3142 BLRV
971 3089 1032 3144 Nic.
1047 3088 1146 3142 Amat.
1169 3122 1204 3129 -

189 3164 221 3212 11
241 3160 283 3231 γε]
308 3179 340 3228 με
358 3159 380 3213 Ρ
403 3176 432 3212 σε
450 3159 482 3212 R.
506 3191 542 3200 -—
566 3165 598 3213 12
622 3157 697 3214 ίίεον
719 3159 856 3214 AOFHM
870 3159 1001 3215 0015128
1030 3159 1092 3215 θεω
1111 3161 1141 3213 L.
1168 3193 1204 3200 —

190 3235 223 3284 14
242 3232 277 3300 δὴ
309 3232 353 3286 θεῖ
369 3230 416 3284 ΑΡ
434 3247 484 3284 om.
499 3231 532 3284 R.
557 3262 590 3270 -
615 3236 647 3284 15
668 3229 815 3302 ἐγείρωμεν
833 3230 990 3285 AGDFHV
1004 3230 1086 3287 eoisl.
1101 3236 1144 3285 28.
1169 3264 1205 3272 —-

190 3305 222 3354 18
241 3322 277 3354 κα
304 3299 421 3364 ὅπως-
433 3306 464 3354 19
480 3309 623 3369 φωτισμοῦ
638 3318 688 3356 om.
703 3302 759 3356 PH.
776 3334 809 3342 —
825 3308 858 3356 18
871 3312 931 3364 τοῖς
943 3299 1132 3374 ύποβεβηιιύσι
1148 3319 1204 3358 ουτ.

189 3369 310 3430 ODMR.
331 3403 364 3412 -
389 3377 421 3424 19
443 3379 494 3425 τοῦ
517 3369 600 3425 θείου
621 3381 764 3441 φωτισμοῦ
783 3373 804 3426 G
826 3381 876 3427 τοῦ
899 3393 928 3428 τε
950 3382 1001 3428 τοῦ
1022 3371 1107 3428 θείου
1131 3395 1206 3442 φωτ.

188 3455 258 3492 rece.
274 3442 397 3508 quidam.
417 3473 450 3481 -
470 3447 504 3493 23
524 3458 594 3509 φασι
612 3442 638 3494 Α
656 3459 707 3498 om.
722 3443 756 3497 N.

262 3617 277 3664 7
295 3613 366 3680 πρὸς
383 3615 432 3668 τὸν
450 3615 521 3668 θεὸν
540 3615 568 3668 Ρ.
589 3647 622 3656 -
642 3623 675 3670 21
694 3626 772 3671 πάσα
789 3618 821 3673 Ρ.
