2617 3909
169 226 283 277 LXXVI
571 224 774 276 PRAEFATIO

133 434 135 439 ,
171 376 302 435 exstant:
325 369 345 451 ἡ
369 370 423 452 μὲν
446 364 503 434 οὖν
521 366 664 454 ’Λστοίρτη
687 369 767 432 ἐστίν
788 367 809 449 ἡ
832 365 903 449 παρ’
916 364 1060 449 Ἕλλησιν
1080 365 1195 453 ’Λφρο-

171 462 238 541 δίτη
260 460 417 543 λεγομένη,
445 461 478 523 ἐκ
500 471 552 522 τοῦ
576 460 686 541 ἄστρου
709 459 764 539 την
787 459 960 539 ἐπωνυμίαν
988 462 1196 539 πεποιηκότες,

171 554 252 629 apud
270 553 489 612 [theodoretum
509 550 621 611 Oomm.
639 554 673 611 in
690 551 707 611 I
723 551 796 627 Reg.
816 550 935 621 Quaest.
957 553 1012 626 11,
1034 551 1113 610 unde
1136 552 1197 611 iiie,

170 643 328 716 fluxerunt,
344 634 504 722 Ἀστάρτην
524 638 556 701 δέ
570 644 693 701 καλοῦσι
706 638 763 717 τὴν
774 633 955 717 Ἀφροδίτην
967 637 1001 699 ἐκ
1014 647 1067 700 τοῦ
1081 637 1195 721 δίστρου

170 728 225 808 την
243 728 417 808 ἐπωνυμίαν
435 728 635 808 πεποιηκότες.
667 730 757 789 Falso
775 730 870 806 igitur
887 729 1049 789 Muraltius
1066 750 1196 808 πεποιη-

169 818 236 881 κόσι
258 822 393 879 oonieoit.
434 821 504 879 Non
526 822 625 879 minus
647 838 741 896 prave
762 818 942 877 Theodoreti
964 819 1056 878 verbs
1079 818 1195 879 (ionum.

170 910 203 967 in
226 909 295 968 Joel
316 909 345 969 I:
369 906 446 982 τινὲς
469 905 523 986 μέν
546 900 602 969 οὖν
624 916 716 969 ταῦτα
739 916 884 986 τροπικῶς
907 907 950 979 εἴς
967 929 996 967 τε
1019 906 1071 969 τὸν
1086 901 1193 968 Ἀσσύ-

172 1020 238 1076 ριον
261 996 311 1058 καί
334 998 529 1078 Βαβυλώνιον
552 996 755 1076 ἐξειλήφασιν,
781 995 905 1075 κάμπην
927 993 982 1075 μὲν
1004 994 1056 1056 τὸν
1081 997 1195 1076 Θεγλα-

170 1086 307 1169 φαλασδιρ
327 1084 526 1164 ὀνομάσαντες
548 1088 579 1146 in
599 1088 738 1147 chronioo
761 1107 790 1163 p.
809 1088 922 1160 4314
941 1088 984 1146 sio
1002 1086 1195 1146 exhibentur:

169 1185 261 1236 ταῦτα
288 1175 343 1257 γδιρ
371 1186 517 1257 τροπικῶς
544 1176 588 1249 εἴς
610 1198 639 1237 τε
667 1174 719 1237 τὸν
742 1168 820 1235 Ἀσσ.
848 1172 899 1235 καλ
920 1176 993 1254 Βαβ.
1022 1173 1195 1256 ἐκληπτέον,

168 1266 291 1345 κάμπην
315 1262 368 1344 μὲν
391 1264 443 1326 τὸν
468 1267 551 1346 Θεγλ.
575 1262 778 1345 ὀνομάζοντες.

237 1355 383 1433 Georgius
406 1355 533 1431 denique
556 1357 650 1415 nimio
673 1354 837 1415 festinandi
860 1353 959 1413 studio
978 1352 1120 1431 abreptus
1143 1354 1193 1411 in-

169 1448 255 1521 tegre
283 1446 440 1503 enuntiate
467 1462 559 1521 preve
584 1446 698 1518 omisit,
726 1462 786 1521 quo
814 1444 929 1502 foetum
952 1445 1010 1517 est,
1037 1445 1074 1501 ut
1099 1462 1194 1505 nexus

170 1534 386 1593 sententiarum
405 1552 526 1609 prorsus
546 1532 735 1593 dissolvatur.
776 1532 880 1591 Veluti
902 1532 939 1591 de
962 1530 1048 1591 Sauli
1069 1535 1193 1608 propin-

169 1623 236 1699 quis
266 1620 477 1682 Gebeonitibus
509 1622 629 1681 truditis
657 1641 693 1680 ex
722 1622 787 1680 loeo
815 1620 996 1681 Theodoreti
1019 1621 1131 1681 Gomm.
1158 1624 1194 1681 in

168 1710 201 1769 II
218 1711 311 1789 Regg.
331 1711 450 1782 Quaest.
471 1713 512 1770 42
533 1702 615 1770 οὗτοι
634 1706 666 1770 δὲ
685 1700 763 1788 ἦσαν
781 1717 835 1769 τοῦ
853 1708 956 1769 Σαοὺλ
979 1709 1035 1770 δύο
1056 1706 1111 1789 μὲν
1129 1708 1193 1771 υίολ

92 1856 96 1865 ,
168 1797 270 1878 νόθοι,
293 1796 378 1859 πέντε
401 1796 433 1859 δέ
456 1796 562 1859 υίωνοὶ
585 1796 687 1859 αὐτοῦ.
725 1798 848 1876 ὕστερον
871 1794 904 1858 δέ
926 1807 1025 1876 ταφῆς
1046 1796 1100 1859 κοιλ
1121 1799 1192 1859 τού-

169 1910 239 1961 τους
261 1885 387 1967 ἠξίωσεν
411 1884 426 1947 δ
451 1886 575 1967 εὐσεβὴς
598 1886 744 1968 βασιλεύς.
786 1887 873 1965 τῆσδε
900 1895 954 1965 τῆς
980 1888 1121 1969 τιμωρίας
1143 1910 1192 1969 γε-

169 1975 335 2058 γενημένης
357 2001 384 2038 ιι.
398 2000 422 2037 τ.
436 1981 461 2037 λ.
484 1980 517 2036 in
539 1978 677 2037 chronico
699 1998 728 2054 p.
751 1979 823 2052 181,
840 1979 879 2036 17
904 1978 1028 2055 legitur:
1051 1969 1134 2037 οὗτοι
1158 1974 1192 2038 δὲ

169 2057 248 2145 ἦσαν
271 2076 324 2127 τοῦ
347 2065 450 2128 Σαοὺλ
473 2066 528 2127 δύο
553 2063 607 2145 μὲν
629 2064 692 2127 υἱοὶ
714 2066 815 2143 νόθοι,
838 2063 923 2125 πέντε
946 2063 979 2125 δέ
1001 2065 1078 2125 υἱῶν
1096 2064 1191 2126 αι’ποῦ

168 2154 307 2236 ὑστέρων.
352 2165 404 2235 τῆς
427 2146 483 2217 οὖν
506 2156 647 2237 τιμωρίας
669 2151 867 2236 γεγενημένης
889 2176 916 2213 κ.
930 2176 955 2215 τ.
972 2158 995 2213 λ.
1042 2155 1192 2215 Similiter

170 2244 314 2324 Georgius
333 2267 362 2323 p.
378 2248 452 2321 332,
468 2249 519 2320 21,
538 2264 605 2305 oum
619 2246 718 2305 looum
732 2244 854 2304 Eusebii
867 2244 946 2303 Hist.
961 2245 1030 2303 eool.
1044 2245 1084 2319 Π,
1101 2247 1152 2319 17,
1169 2247 1188 2305 7

168 2333 204 2394 τὰ
226 2334 416 2413 παραπλήσια
444 2332 475 2394 δὲ
503 2334 619 2406 τούτοις
646 2332 835 2413 μαρτυρήσας
861 2338 923 2405 τοῖς
950 2331 1146 2412 δηλουμένοις
1172 2332 1190 2395 δ

171 2423 272 2483 Φίλων
295 2424 454 2503 συλλαβαῖς
476 2422 580 2495 αὐταῖς
603 2420 736 2502 ἐπιφέρει
759 2419 851 2502 λέγων
878 2430 969 2482 ταῦτα
997 2420 1063 2502 περὶ
1089 2422 1190 2483 αὐτῶν

168 2512 274 2583 οὕτως·
307 2516 455 2592 πολλαχοῦ
488 2509 541 2590 μὲν
573 2503 629 2572 οὖν
660 2521 714 2591 τῆς
745 2508 923 2589 οἰκουμένης
955 2509 1015 2571 ἐστὶ
1041 2510 1074 2572 τὸ
1102 2509 1189 2592 γένος

167 2601 282 2677 laudet,
305 2601 396 2662 verbe
418 2602 487 2661 inde
512 2621 530 2661 e
552 2598 587 2661 τδι
610 2599 801 2680 παραπλήσια
824 2620 918 2677 usque
941 2601 980 2659 ed
1002 2599 1068 2681 περὶ
1087 2600 1189 2662 αὐτῶν

168 2692 291 2750 omittit.
328 2691 348 2749 J
349 2710 398 2749 am
417 2710 484 2751 eum
502 2690 597 2761 οὕτως
616 2710 684 2749 oum
697 2690 796 2750 verbis
810 2689 1002 2767 sequentibus
1016 2690 1189 2769 coniungat,

169 2780 249 2855 quod
271 2781 405 2840 nascitur
432 2782 620 2839 enuntiatum
649 2778 727 2840 οὕτω
754 2782 902 2857 πολλαχοῦ
930 2774 984 2856 μέν
1010 2787 1064 2858 τῆς
1086 2778 1188 2840 οἰκου-

169 2866 260 2948 μένης
283 2866 343 2929 ἐστλ
365 2865 398 2928 ιδ
421 2867 507 2949 γένος
534 2870 670 2946 intellegi
691 2887 752 2928 non
774 2871 881 2944 potest.
927 2868 1031 2943 Aeque
1054 2872 1191 2946 corrupit

168 2957 314 3037 Georgius
342 2957 546 3035 Chrysostomi
573 2959 672 3018 locum
699 2976 736 3016 ex
762 2958 840 3017 libro
870 2957 937 3016 adv.
965 2960 1189 3035 oppugnatores

166 3051 248 3107 vitae
271 3049 454 3108 monastioae
476 3048 537 3123 HI,
559 3049 577 3107 3
602 3044 652 3107 καί
675 3044 731 3127 γδιρ
753 3043 874 3118 ἀπειλὰς
896 3051 1075 3126 προσθεῖναι
1098 3044 1188 3127 ἐχρῆν

166 3135 217 3197 καὶ
244 3135 273 3209 ἐξ
301 3134 400 3213 ὄψεως
427 3146 550 3215 ποιῆσαι
576 3144 629 3214 τῆς
656 3133 763 3195 ἑαυτοῦ
791 3132 842 3195 καλ
870 3134 1011 3216 μάστιγας
1037 3134 1188 3197 ἐπιθεῖναι

166 3224 216 3286 καὶ
239 3226 401 3306 βαρύτερον
423 3230 521 3309 πολλῷ
536 3222 677 3305 γενέσθαι
695 3222 745 3284 καί
763 3224 971 3304 χαλεπώτερον.
1007 3222 1110 3303 ἐπειδὴ
1129 3216 1188 3285 οὖν

166 3314 280 3375 τούτων
303 3311 391 3376 οὐδὲν
414 3313 564 3393 ἐποίησεν,
587 3311 681 3396 ἑαυτῷ
699 3334 728 3373 τε
751 3310 899 3386 κάκείνοις
920 3311 1115 3392 ἐξεπολέμωσε
1133 3313 1187 3374 τὸν

166 3401 250 3481 θεόν,
273 3402 323 3463 καὶ
342 3404 520 3482 φεισάμενος
543 3402 636 3464 αὐτοῦ
659 3411 718 3462 τῶν
740 3402 857 3463 παίδων
880 3400 1010 3481 ἀκαίρως
1032 3400 1104 3480 μετὰ
1125 3411 1186 3463 τῶν

165 3492 282 3552 παίδων
309 3491 359 3552 καὶ
385 3492 440 3572 τὴν
464 3491 571 3553 ἑαυτοῦ
598 3490 805 3571 προσαπώλεσε
832 3492 995 3570 σωτηρίαν,
1023 3510 1090 3550 oum
1117 3512 1187 3551 eum

166 3585 209 3642 sio
232 3584 380 3642 contraxit
405 3604 433 3661 p.
456 3585 532 3659 161,
553 3584 585 3641 6:
613 3579 663 3640 καὶ
690 3578 745 3661 γὰρ
773 3578 894 3652 ἀπειλὰς
921 3579 979 3640 ἔδει
1006 3584 1187 3660 προσθεῖναι
