2617 3909
523 244 725 295 PRAEFATIO
1068 245 1134 295 XlX

62 371 65 377 ¹
112 394 211 453 tinum
233 392 378 471 Magnum
400 393 647 471 transgrediatur,
669 392 754 451 nulla
772 392 882 458 codicis
904 392 979 451 folia
1001 395 1136 469 periisse,

112 482 165 545 scd
187 482 325 543 consulto
343 481 501 541 librarium
519 482 583 543 illic
601 484 804 541 narrationem
823 482 977 558 abrupisse
994 482 1132 541 efficitur.

110 571 251 630 Alterum
274 588 335 646 quo
357 571 587 634 christianorum
613 574 831 647 imperatorum
852 571 979 630 historia
1001 572 1133 630 eontine-

110 660 202 719 batur
228 660 369 719 volumen
394 662 544 721 interiisse
572 660 700 719 videtur.
745 660 783 719 In
811 659 888 719 libro
916 678 983 721 cum
1011 661 1132 719 omnino

110 750 233 809 eaedem
267 752 384 809 exstent
417 749 541 809 lacunae
574 752 605 808 et
640 768 768 827 magnae
799 751 830 807 et
865 768 989 826 paruae,
1028 748 1132 811 eadem

109 838 221 897 menda
246 840 451 913 inveniantur,
479 838 582 897 eadem
610 838 825 917 orthographia
855 838 1032 897 adhibeatm
1055 858 1132 913 quae

109 930 142 985 in
166 927 267 987 codice
287 927 320 1001 0,
342 947 379 987 ex
400 927 456 987 hoc
478 927 565 987 illum
583 929 729 1005 originem
751 928 857 987 ducere
876 930 1001 987 constat
1036 926 1131 987 Litte-

109 1036 213 1075 rarum
236 1018 329 1077 etiam
352 1016 458 1075 duetus
476 1036 544 1077 oum
566 1018 642 1075 mire
661 1018 850 1076 consentiant
872 1016 983 1077 codicis
1003 1016 1029 1076 0
1048 1017 1131 1077 vide·

110 1108 161 1165 tur
197 1106 338 1166 librarius
380 1106 586 1183 apographum
622 1124 710 1165 suum
750 1105 847 1165 denuo
883 1108 1130 1183 transsumpsisse,

110 1194 240 1271 Scripsit
265 1199 369 1255 autem
396 1194 527 1255 codicem
553 1196 638 1253 1704
672 1198 833 1269 antequam
865 1194 993 1253 secunda
1024 1214 1131 1255 manus

109 1282 243 1345 codicem
272 1282 298 1343 0
327 1285 464 1345 correxit.
508 1284 550 1343 Iis
581 1286 678 1363 igitur
703 1284 792 1359 locis,
823 1283 930 1359 quibus
963 1283 1073 1343 codicis
1106 1284 1133 1345 0

108 1375 252 1435 lectiones
280 1374 373 1435 litura
400 1375 534 1433 mutatae
562 1376 644 1448 sunt,
676 1373 828 1432 meliorem
861 1376 977 1431 textum
1006 1372 1131 1449 praebet

107 1462 187 1523 liber
209 1462 372 1543 Parisinus,
394 1463 477 1521 velut
499 1483 527 1539 p.
548 1463 684 1538 308,14
707 1460 870 1540 Ζεβεδαίου
894 1464 993 1522 exstat
1011 1481 1128 1522 nomen.

107 1551 331 1614 Praefationem
355 1554 447 1613 etiam
470 1551 597 1626 exhibet,
620 1570 697 1627 quae
718 1552 752 1611 in
775 1550 875 1611 codice
896 1551 922 1611 0
943 1550 1129 1630 deestprrpi-

107 1640 197 1720 λογος
210 1650 349 1721 χρονικῆς
362 1640 492 1721 ἱστορίας
504 1643 690 1717 insumptam.
726 1639 874 1699 Adhibuit
887 1642 988 1699 autem
1002 1643 1131 1717 scriptor

108 1731 172 1790 sine
196 1730 287 1791 dubio
311 1731 405 1791 alium
426 1729 551 1805 librum,
577 1749 611 1789 er
635 1749 694 1805 quo
716 1730 839 1789 lacunas
863 1732 955 1788 etiam
978 1730 1131 1806 supplevit

107 1819 205 1879 veluti
232 1839 308 1893 eam,
335 1837 425 1894 quam
448 1838 539 1894 supra
561 1818 686 1878 laudavi
706 1837 735 1895 p.
757 1820 947 1893 raa-134,
970 1822 1001 1877 et
1022 1822 1129 1897 gravia

108 1908 257 1985 quaedam
279 1908 388 1969 menda
405 1908 535 1968 sustulit.
576 1908 614 1971 ln
630 1906 772 1967 foliorum
797 1909 854 1966 llil
876 1908 1129 1983 usquead102'

106 1998 294 2076 marginibus
316 2000 406 2059 notae
429 1999 548 2057 exstant
569 1997 700 2057 breviter
722 1999 821 2057 textus
844 2000 1054 2074 argumentum
1076 1998 1127 2056 ad-

106 2086 291 2161 umbrantes,
312 2086 372 2147 loci
391 2106 426 2146 er
444 2085 639 2162 scriptoribus
659 2087 866 2146 ecclesiasticis
885 2086 1025 2161 excerpti,
1047 2087 1128 2163 cogi-

105 2177 238 2237 tationes
261 2176 389 2251 deniqne
410 2176 504 2251 ipsius
527 2174 645 2235 librarii
667 2175 862 2253 theologicae.

114 2318 117 2325 .
175 2264 270 2335 Quem
300 2265 460 2325 Muraltius
492 2283 539 2324 no.
565 2267 605 2323 27
635 2256 742 2345 (praef.
775 2283 804 2340 p.
822 2256 934 2345 XXIX)
967 2282 1002 2323 ex
1028 2263 1128 2324 Mout-

105 2356 240 2415 fauconii
274 2354 355 2415 Bibl.
382 2352 452 2412 bibl.
478 2353 523 2429 Π,
550 2374 579 2429 p.
605 2354 709 2413 737ss
746 2356 960 2413 commemorat
994 2352 1127 2413 codicem

105 2444 261 2522 ltadulphi
289 2442 457 2517 Cardinalis
479 2463 526 2501 no.
544 2444 590 2507 37
613 2444 653 2519 is,
686 2463 754 2503 eum
785 2462 846 2503 non
877 2442 974 2502 solum
1001 2442 1127 2503 eundem

106 2533 256 2593 ambitum
269 2532 382 2593 habeat
395 2551 483 2607 quem
496 2530 573 2591 iiber
585 2531 751 2606 Parisinus,
764 2532 817 2591 sed
830 2534 923 2591 etiam
936 2551 1059 2593 numero
1075 2534 1127 2608 37,

104 2625 159 2700 aui
181 2624 344 2683 invenitor
356 2624 437 2681 inter
459 2621 541 2681 illius
559 2640 699 2685 numeros
721 2638 813 2698 supra
830 2620 1004 2697 descriptos,
1026 2623 1125 2700 signa-

104 2716 154 2773 tus
178 2712 234 2787 sit,-
249 2711 330 2771 idem
352 2729 416 2771 esse
438 2710 589 2787 putandus
608 2713 663 2785 est,
686 2712 739 2785 qui
760 2729 840 2769 nunc
862 2710 1018 2771 Parisinus
1039 2713 1126 2771 1704

105 2801 288 2879 appellatur.
1057 2798 1059 2802 ’

171 2890 208 2951 In
231 2889 382 2949 codicibus
393 2887 430 2969 A
454 2891 484 2948 et
505 2888 531 2949 0
550 2887 654 2949 eadem
672 2888 793 2947 omnino
812 2887 916 2948 eodem
934 2888 1038 2949 ordine
1056 2907 1125 2948 nar·

103 2983 221 3053 mahir,
242 2978 358 3040 duabus
378 2980 498 3039 tantm
515 2977 605 3038 rebus
623 2976 695 3037 libri
712 2977 861 3044 diffamat.
897 2977 999 3054 Atque
1016 2977 1050 3035 in
1066 2977 1125 3037 fine

104 3067 227 3147 imperii
244 3066 361 3130 Phocus
383 3068 508 3144 pecc,
524 3068 564 3126 14
582 3066 660 3126 liber
676 3065 708 3125 A
729 3065 821 3125 habat
842 3067 951 3142 locum,
973 3068 1026 3143 qui
1047 3066 1080 3125 in
1101 3066 1126 3127 0

104 3159 197 3233 dccet,
216 3176 233 3219 c
252 3156 378 3219 diversis
395 3155 505 3216 Isidori
517 3155 690 3218 Pelusiotae
708 3156 844 3232 epistolis
862 3155 1033 3216 conflatum.
1064 3156 1124 3215 Ex·

79 3246 217 3325 ,carpsit
234 3246 336 3308 autem
354 3247 435 3307 etin
453 3264 546 3306 unum
565 3246 754 3307 coacervarit
770 3245 1014 3323 chronographus
1031 3245 1118 3320 locos.

104 3336 213 3414 quibus
245 3337 366 3413 gentem
395 3333 620 3411 cappadoeiun,
656 3334 740 3401 emus
772 3337 837 3393 erat
867 3334 920 3393 ille
951 3333 1122 3410 imperator,

102 3426 246 3505 mribus
270 3423 412 3486 conviciis
433 3423 567 3486 Isidorus
590 3424 786 3485 consectatu.
827 3422 894 3483 lam
916 3441 985 3484 cum
1007 3426 1123 3484 constet

101 3514 268 3594 Georgium
291 3513 432 3590 epistolas
459 3513 529 3575 illas
551 3531 612 3574 non
638 3512 727 3573 modo
753 3529 843 3587 saepe
865 3512 899 3569 in
920 3530 1009 3571 usum
1036 3529 1123 3594 suum

103 3604 297 3679 convertisse,
317 3601 375 3663 aad
392 3603 484 3667 etiam
503 3600 648 3665 eiusmodi
670 3603 809 3662 centones
831 3599 901 3664 iude
918 3602 1071 3675 exceptos
1089 3600 1123 3655 in

925 3696 962 3749 b·
