2617 3909
187 225 229 290 32
350 241 353 248 ·
500 225 687 278 Γεοεετου
704 226 887 277 αοαεεου

187 375 316 454 μενίωνα
343 371 391 434 καί
419 373 470 434 τὸν
497 371 629 456 ἀρχιερέα
657 373 882 452 δεξιωσάμενος,
909 382 968 434 τῶν
996 371 1098 456 ἱερέων
1126 394 1201 456 παρ-

186 471 348 552 επομένων,
366 471 408 544 είς
425 471 481 550 τήν
498 471 586 533 πόλιν
599 466 791 551 Ἰερουσαλήμ
809 469 981 552 παρεγένετο
1001 470 1072 550 μετὰ
1090 476 1202 550 πολλῆς

186 579 239 650 τῆς
261 568 321 630 ύπὸ
339 579 398 630 τῶν
413 563 567 630 Ἰουδαίων
590 567 706 649 δεχθεὶς
728 567 925 650 εὐφροσύνης.
968 568 1000 629 οί
1016 566 1047 629 δὲ
1065 592 1203 650 γραμμα-

186 673 244 740 τεῖς
266 667 322 747 τήν
339 668 444 747 βίβλον
465 676 516 727 τοῦ
535 665 651 745 Δανιήλ
674 667 923 748 προσκομίσαντες
942 665 998 744 τήν
1015 667 1202 747 προφητείαν

161 764 266 849 τούτῷ
290 765 505 847 διηρμήνευον,
533 761 572 843 ήν
594 762 611 825 δ
634 764 791 846 προφήτης
812 765 1046 846 προηγόρευσεν,
1074 762 1114 837 ὡς
1137 765 1202 825 δεῖν

186 886 253 923 τινα
278 872 338 923 τῶν
365 862 555 924 Μακεδόνων
582 861 637 941 τήν
664 863 815 941 βασιλείαν
841 865 967 942 Περσῶν
995 862 1202 942 χειρώσασθαι.

187 957 221 1034 ὃς
247 959 296 1021 έπλ
322 961 415 1044 τούτῳ
438 965 548 1039 μᾶλλον
576 958 682 1039 ήσθεὶς
709 957 759 1019 καί
786 960 945 1041 περιχαρής
967 959 1124 1039 γενόμενος
1152 958 1203 1020 καὶ

187 1057 235 1119 ἐπὶ
257 1057 289 1119 τὸ
313 1057 393 1140 ἱερὸν
415 1057 551 1120 ἀνελθὼν
574 1058 645 1119 θύει
668 1055 722 1138 μέν
744 1063 783 1142 τῷ
802 1062 863 1142 θεῷ
883 1057 957 1118 κατὰ
980 1057 1035 1136 τήν
1057 1067 1110 1118 τοῦ
1132 1055 1202 1138 ἀρχ-

187 1155 286 1238 ιερέως
313 1155 482 1238 ὑφήγησιν,
509 1155 600 1218 αὐτὸν
628 1154 660 1216 δέ
686 1155 737 1216 τὸν
760 1153 892 1238 ἀρχιερέα
919 1153 969 1216 καὶ
995 1155 1109 1228 πάντας
1132 1155 1203 1229 τούς

148 1275 174 1314 ιο
188 1255 272 1335 ἱερεῖς
294 1252 479 1335 ἀξιοπρεπῶς
500 1255 625 1334 τιμήσας
647 1252 697 1314 καὶ
719 1259 863 1334 λαμπροῖς
886 1252 936 1314 κοιλ
959 1254 1103 1334 μεγίστοις
1128 1252 1202 1313 ἀνα-

187 1353 303 1432 θήμασι
321 1352 373 1415 τὸν
390 1351 464 1414 ναδν
483 1352 686 1431 διακοσμήσας
707 1351 782 1412 κατδι
799 1355 925 1434 Περσῶν
945 1349 1088 1430 ἐκίνησεν.
1127 1347 1202 1412 Ἰου-

187 1451 280 1511 δαίων
308 1449 341 1511 δέ
367 1473 449 1522 τινας
475 1451 550 1530 πρὸς
577 1450 745 1530 συμμαχίαν
772 1451 885 1529 λαβών,
918 1447 950 1510 έν
978 1443 1022 1522 οίς
1052 1447 1202 1529 ὑπερέχων

104 1567 173 1621 ειμι.
188 1539 227 1626 ήν
244 1569 288 1619 τις
307 1543 430 1626 ὀνόματι
448 1546 632 1626 Μοσόμαχος
653 1545 771 1628 ἀριστος
793 1546 867 1607 κατὰ
885 1545 989 1627 ψυχήν
1011 1544 1061 1606 καὶ
1081 1547 1202 1625 τοξότης
1296 1619 1297 1632 ρ

187 1644 409 1724 εὐστοχώτατος,
432 1640 466 1716 δς
483 1645 665 1724 βαδιζόντων
683 1643 781 1705 αὐτῶν
804 1643 877 1727 αατδι
898 1644 952 1722 τήν
971 1643 1018 1705 έπί
1036 1645 1202 1724 Βαβυλῶνα

149 1763 173 1802 15
189 1740 271 1821 δδόν,
293 1740 343 1802 καί
367 1742 497 1819 μάντεώς
519 1765 599 1814 τινος
622 1739 856 1821 ὄρνιθευομίνου
880 1741 928 1803 καί
952 1743 1064 1816 πάντας
1083 1741 1201 1823 έπέχον-
1296 1729 1297 1738 ¹

187 1862 251 1919 τος,
281 1837 415 1921 ήρώτησε
442 1840 498 1919 τήν
529 1839 626 1900 αἰτίαν
658 1849 711 1919 τῆς
737 1849 913 1922 παραμονῆς
944 1849 997 1900 τοῦ
1025 1845 1105 1902 λαοῦ.
1152 1839 1202 1901 καὶ
1296 1849 1297 1856 ’

187 1935 363 2018 ἀποκριθεὶς
390 1936 405 2000 δ
434 1937 538 2016 μάντις
569 1937 715 1998 δεικνύων
746 1937 798 2000 τὸν
830 1935 915 2020 ὄρνιν
944 1936 1031 2018 λέγει·
1064 1935 1115 1998 έδιν
1148 1935 1202 2017 μέν

188 2033 346 2108 ἀσάλευτος
369 2037 470 2120 μείνη,
496 2034 673 2117 προσμένειν
700 2033 843 2118 συμφέρει
865 2045 971 2116 πᾶσιν,
998 2034 1050 2096 έάν
1073 2033 1105 2096 δέ
1128 2033 1201 2096 δνα-
1296 2023 1297 2036 ’

188 2133 257 2206 στὰς
283 2132 326 2205 είς
352 2131 562 2214 τούμττροσθεν
593 2132 728 2212 πέτηται,
759 2133 914 2215 προάγειν,
946 2133 974 2193 εἰ
1000 2129 1032 2192 δὲ
1065 2131 1200 2211 ὄπισθεν,
1296 2209 1297 2220 ρ

149 2252 175 2290 το
189 2229 351 2312 ἀναχωρεῖν
374 2223 474 2304 αὖθις.
515 2230 674 2293 καὶταῦτα
692 2230 876 2311 Μοσόμαχος
899 2229 1028 2302 ἀκούσας
1050 2229 1130 2310 παρὰ
1148 2239 1200 2292 τοῦ
1296 2281 1297 2284 ,

189 2329 319 2407 μάντεως
341 2327 391 2390 καί
409 2330 508 2411 λάθρα
525 2330 611 2403 τόξον
629 2327 753 2401 έλκύσας
771 2329 869 2407 βάλλει
887 2327 939 2390 τὸν
957 2326 1049 2411 ὄρνιν.
1085 2321 1134 2405 ἐφ’
1156 2322 1201 2401 οἷς
1296 2363 1297 2368 1

188 2424 204 2487 δ
228 2427 331 2505 μάντις
357 2427 521 2507 χαλεπήνας
547 2425 597 2487 καί
624 2427 657 2488 οῖ
681 2436 715 2511 τῇ
739 2427 836 2510 πλάνη
859 2426 950 2509 ταύτη
976 2424 1200 2506 δεδουλωμένοι,

187 2522 287 2602 λαβὼν
318 2524 360 2596 είς
391 2530 488 2605 χεῖρας
518 2524 624 2605 νεκρὸν
657 2525 708 2586 τὸν
741 2522 825 2606 ὄρνιν
856 2524 954 2586 τοιάδε
986 2522 1057 2601 έφη·
1095 2523 1124 2583 τί
1150 2546 1200 2602 μοι
1296 2545 1297 2608 j

261 2699 365 2764 ll—p.
390 2699 436 2760 33,
456 2702 473 2750 4
499 2696 535 2762 cf.
553 2694 665 2764 Joseph.
691 2712 712 2750 ο.
728 2697 780 2766 Ap.
795 2683 820 2762 Ι,
836 2700 951 2766 ΞΟΙεηρ.
980 2694 1081 2748 Euseb.
1100 2693 1200 2765 Praep.

187 2763 293 2835 Evang.
309 2764 356 2833 ΙΧ,
370 2772 396 2833 4,
411 2771 435 2820 λ.
1296 2777 1297 2782 ’

259 2905 276 2952 4
289 2897 510 2970 προκομίσαντες
524 2899 582 2954 GP.
598 2932 632 2940 -
652 2905 667 2953 7
684 2899 825 2954 ἐπὶτοῦτο
841 2899 920 2953 codd.
933 2906 1043 2968 praeter
1056 2899 1104 2953 FV
1118 2898 1198 2953 Exco.

189 2971 224 3025 de
237 2971 299 3025 τίτί.
315 3003 349 3011 -
369 2977 385 3026 8
399 2971 483 3026 θύειν
497 2969 548 3025 OG
562 2971 657 3041 (θύειν
667 3003 700 3011 -
710 2970 794 3041 ύφήγ.
804 2967 932 3026 ’ἐκέλευσε
947 2970 989 3041 R).
1006 3002 1039 3010 —
1057 2968 1152 3039 ἱερέως
1164 2971 1197 3024 N.

189 3074 222 3082 —
238 3048 271 3096 12
285 3036 320 3112 ήν
333 3062 376 3106 τις
389 3041 565 3113 ύπερέχωνί
578 3041 721 3112 ὑπερέχων
734 3061 776 3104 τις
789 3035 824 3110 ήν
836 3041 885 3094 FH
898 3037 934 3111 ήν
948 3059 998 3096 om.
1009 3040 1040 3096 G.
1052 3073 1086 3082 —
1102 3047 1135 3095 14
1150 3043 1199 3113 βα-

189 3115 378 3185 βυλῶυαήουι.
398 3113 454 3183 έπλ)
473 3114 523 3167 BL
546 3115 708 3186 βαβολῶνος
719 3113 749 3165 ,Β
767 3130 802 3167 m.
821 3117 840 3167 2
862 3112 903 3176 είς
920 3114 1069 3185 βαβνλῶυα
1088 3112 1110 3168 Ιι
1128 3130 1162 3166 οι.
1181 3117 1199 3168 2

187 3185 260 3239 ιιατδι
277 3185 329 3254 τὴν
348 3187 495 3257 βαβυλῶνα
509 3184 535 3238 R
553 3185 599 3240 ἐπὶ
607 3186 778 3310 &vi-&vos
792 3183 823 3238 G.
839 3215 872 3224 -
893 3189 926 3237 18
941 3183 1009 3257 μένη
1029 3183 1126 3238 CFLR
1143 3183 1197 3238 δοε.

188 3255 360 3393 Busa—629
378 3256 589 3384 τῖἐμπροσθευ
683 3255 718 3309 τδι
737 3255 814 3324 έμπρ.
834 3254 866 3308 R.
886 3286 921 3296 -
944 3260 978 3308 20
998 3255 1012 3310 δ
1032 3271 1091 3325 μου.
1111 3254 1145 3310 N.
1166 3287 1198 3296 -—

189 3332 222 3380 21
241 3347 257 3381 τ
290 3347 306 3381 τ
339 3347 372 3383 ον

261 3465 275 3512 7
295 3464 398 3529 μᾶλλον
416 3477 468 3515 om.
481 3461 511 3514 P.
532 3465 619 3529 -113
639 3450 799 3529 μοσύμαμος
812 3458 834 3511 Ρ
848 3457 913 3512 Eun.
933 3457 1114 3530 (μοσύλλαμος
1131 3459 1198 3530 Jos.)

188 3531 232 3585 hie
244 3537 270 3584 et
283 3531 368 3597 infra.
389 3565 423 3572 —
443 3538 475 3586 21
495 3532 595 3599 υεκρδν
612 3531 663 3586 τὸν
685 3530 774 3599 ὄρνιν,
791 3527 818 3585 τί
832 3550 888 3600 μοι,
906 3528 1001 3600 φησίν,
1020 3529 1198 3600 μέμφεσθεΡ

189 3603 303 3670 (similia
320 3602 385 3657 Eus.
400 3603 476 3673 Jos.).
