2617 3909
165 173 232 238 296
480 173 668 226 Γοοενιον
685 174 868 226 Momor

167 322 274 402 δαίοις,
296 319 347 384 καί
371 323 402 384 οἱ
422 322 567 403 περίοικοι
590 318 622 382 δὲ
645 321 753 394 πάντες
775 321 885 395 αὐτοὺς
907 327 1103 401 πολεμοῦντες
1127 321 1188 382 διε-

166 418 294 501 τέλεσαν,
316 419 407 482 ένθεν
429 417 484 499 μέν
503 413 667 499 Ἰδουμαῖοι
683 417 734 480 καλ
749 413 925 499 Ἀμμανῖται
941 418 993 481 καὶ
1010 420 1188 500 Μωαβῖται,

166 517 283 580 ἐκεῖθεν
306 515 339 579 δέ
361 515 524 596 ἀλλόφυλοι
547 516 596 578 καὶ
614 522 808 600 Σαμαρεῖται,
831 516 882 579 καί
900 515 1003 600 ὀλίγον
1025 516 1058 580 δέ
1076 517 1188 599 χρόνου

168 615 339 690 διελθόντος
356 615 392 678 τὰ
409 614 608 678 Μακεδονικά
625 614 727 690 αὐτοῖς
743 614 850 696 έπέστη
867 616 955 697 κακά,
977 614 999 677 ἀ
1014 626 1075 678 τῶν
1094 620 1190 676 Μακ-

141 715 301 794 εκαβαίων
337 714 372 777 αί
400 711 571 796 συγγραφαί
601 711 793 794 περιέχουσιν.
843 714 977 776 ἐνταῦθα
1008 712 1042 776 δέ
1068 713 1085 776 ὁ
1114 736 1190 795 προ-

168 811 293 890 φητικός
324 811 411 892 λόγος
442 811 567 894 εἰρήνην
597 810 780 892 ὑπισχνεῖται
811 814 950 892 βαθεῖαν.
994 812 1040 874 ότι
1072 811 1106 874 δὲ
1136 812 1191 874 τὸν

168 907 238 987 μετὰ
261 908 317 988 τὴν
338 917 393 970 τοῦ
414 910 521 990 κυρίου
543 910 711 990 παρουσίαν
737 912 934 991 προσημαίνει
956 920 1047 971 ταυτα
1069 909 1190 990 καιρόν,

168 1006 257 1068 πάλιν
279 1005 315 1068 τά
336 1007 492 1089 πράγματα
515 1016 619 1086 σαφῶς
641 1017 851 1090 μαρτυροῦσιν.
895 1008 953 1088 πρὸ
976 1005 1111 1089 μὲνγὰρ
1135 1018 1190 1088 τῆς

163 1099 314 1184 Ῥωμαίων
340 1106 490 1186 βασιλείας
519 1103 625 1186 συχναὶ
651 1114 711 1166 τῶν
738 1105 840 1168 ἐθνῶν
866 1101 932 1166 κατ’
956 1104 1093 1184 ἀλλήλων
1116 1105 1131 1168 έ
1173 1143 1190 1150 -

129 1227 155 1265 10
169 1203 322 1277 ναστάσεις
347 1202 494 1285 ἐγίνοντο,
521 1203 571 1265 άτε
594 1203 632 1283 δή
660 1196 734 1264 καθ’
758 1201 882 1266 ἕκαστον
908 1203 1000 1277 ἔθνος
1026 1213 1080 1284 τῆς
1102 1205 1190 1284 βασι-
1281 1280 1282 1289 ρ

169 1303 248 1375 λείας
272 1299 493 1384 μεμερισμένης,
515 1301 613 1380 πάσης
636 1298 669 1362 δὲ
686 1298 847 1382 ἡγεμονίας
865 1301 908 1375 εἰς
920 1296 1084 1381 Ῥωμαίους
1102 1325 1191 1381 μετα-

169 1400 319 1480 τεθείσης,
351 1398 402 1460 καλ
433 1407 485 1479 τῆς
512 1394 585 1460 καθ’
610 1397 734 1460 ἕκαστον
760 1399 852 1474 ἔθνος
878 1400 1028 1479 βασιλείας
1059 1398 1109 1461 ἐπὶ
1137 1409 1192 1478 τῆς

169 1501 301 1578 Χριστοῦ
331 1498 498 1579 παρουσίας
528 1497 760 1577 καταλυθείσης,
792 1495 897 1577 εἰρήνη
928 1498 1041 1576 βαθεῖα.
1069 1495 1189 1577 κατέσχε

169 1594 226 1672 τήν
248 1593 439 1674 οἰκουμένην,
463 1592 503 1667 ὡς
522 1593 624 1674 μηκέτι
642 1593 734 1668 έθνος
750 1594 825 1655 κατὰ
842 1595 954 1668 ἔθνους
972 1593 1191 1676 ἐπιστρατεύειν
1216 1629 1224 1646 .

131 1714 156 1755 ιι
171 1690 221 1752 καῖ
244 1690 364 1772 μερικάς
386 1693 535 1772 βασιλείας
556 1692 770 1773 καθαρπάζειν,
793 1691 866 1754 ἀλλά
884 1701 920 1777 τῇ
938 1693 1065 1777 γεωργίρι
1083 1691 1190 1773 προσέ-

171 1811 240 1870 χειν.
286 1788 401 1851 οὐκοῦν
433 1789 510 1868 μάλα
542 1790 693 1852 δείκνυται
723 1799 828 1868 σαφῶς
859 1790 892 1852 τό
919 1800 973 1870 τῆς
998 1791 1191 1871 προρρήσεως
1281 1814 1282 1817 ’

170 1885 258 1960 τέλος.
295 1884 390 1968 ήοόγ
413 1885 497 1969 ὁρᾶτε
516 1896 570 1967 της
588 1887 745 1966 ἐκκλησίας
763 1886 796 1948 τὸ
814 1889 896 1965 όψος
913 1887 966 1949 καί
982 1889 1097 1962 πάντας
1114 1887 1189 1950 ὑπο
1281 1866 1283 1889 ’

171 1985 337 2058 κύπτοντας
358 1984 409 2046 καὶ
431 1985 523 2070 ταύτῃ
545 1983 578 2046 τὸ
601 1983 690 2065 σέβας
711 1984 945 2068 προσφέροντας,
968 1984 1112 2060 καὶτοὺς
1137 1984 1191 2065 μέν
1281 1998 1282 2065 ξ

170 2085 323 2157 πλείστους
350 2081 472 2158 ἔκόντας
499 2081 549 2144 καὶ
576 2081 787 2164 εὐγνωμόνως,
814 2082 885 2156 τοὺς
907 2081 939 2145 δέ
962 2083 1043 2165 παρὰ
1064 2085 1191 2165 γνώμην
1281 2098 1282 2127 ³

131 2203 157 2244 εο
171 2181 368 2254 δουλεύοντας
389 2180 440 2242 καὶ
462 2181 559 2260 μάτην
582 2179 800 2262 ἀντιλέγονταςς
823 2180 878 2262 οὐχ
905 2178 990 2262 ὁρᾶτε
1012 2191 1072 2242 τῶν
1096 2179 1191 2264 ὀρέων
1281 2184 1283 2209 ²

171 2277 224 2352 τὰς
249 2278 400 2360 κορυφάς,
427 2271 451 2340 ἀ
471 2272 613 2340 Ἰουδαῖοι
640 2276 691 2340 καὶ
709 2273 868 2358 Ἕλληνες,
892 2287 946 2340 τοῦ
967 2277 1110 2361 ὑμετέρου
1135 2280 1190 2358 μά-

174 2393 246 2451 σους
268 2374 493 2458 ἀπηλλαγμένας
516 2375 566 2438 καῖ
588 2382 652 2450 ταῖς
673 2385 733 2437 τῶν
755 2374 892 2455 ἀσκητῶν
915 2383 1100 2458 καταγωγαῖς
1121 2395 1190 2438 κοσ-

172 2472 335 2554 μουμένας,
372 2473 422 2535 καλ
453 2475 567 2548 πάντας
599 2472 776 2555 συρρέοντας
807 2472 857 2535 καλ
888 2473 943 2536 τόν
972 2473 1006 2536 έν
1036 2483 1074 2559 τῇ
1106 2473 1190 2536 Σιὼν
1281 2540 1282 2543 ¹

172 2569 352 2650 ἐπιφανέντα
375 2572 463 2653 λόγον
485 2577 703 2653 θεολογοῦυτας
722 2569 773 2632 καί
795 2570 847 2632 τὸν
865 2571 981 2632 ἐκεῖθεν
1003 2572 1191 2653 προελθόντα
1281 2650 1282 2653 ρ

132 2691 157 2730 ει
172 2669 266 2747 νόμον
293 2664 528 2750 ἀσπαζομένους,
555 2668 698 2743 καὶτοὺς
723 2667 776 2748 μέν
798 2667 946 2748 πολέμους
968 2668 1190 2749 πεπαυμένονς,

244 2846 332 2895 6-15
351 2840 517 2894 Τλιεοάοεοῖ.
534 2842 569 2896 ib.
587 2839 695 2895 17610.
716 2873 749 2882 —
770 2845 881 2910 17-.p.
897 2845 958 2908 297,
975 2846 1007 2894 12
1021 2840 1190 2897 Theodoret.

173 2909 269 2966 Graec.
290 2910 336 2966 aff.
357 2929 412 2967 our.
432 2911 458 2965 X
481 2911 852 2984 MigneTom.83‚1076D.

246 3060 259 3107 1
280 3055 375 3116 αὐτοῖς
392 3053 450 3109 BP.
470 3087 505 3094 —
528 3061 543 3108 λ
564 3054 690 3110 ίουδαῖοι
708 3053 825 3108 AONR.
844 3086 878 3094 -
902 3059 918 3108 5
938 3053 969 3108 αἱ
986 3069 1037 3109 om.
1054 3053 1136 3108 CPV.
1157 3086 1190 3095 —

174 3130 206 3178 11
226 3123 394 3196 ηγουμενίας·
412 3124 514 3196 (νείας
531 3123 563 3197 F)
582 3126 637 3181 AF.
658 3158 692 3166 -
712 3128 746 3180 14
764 3121 828 3179 κατ’
845 3125 949 3189 ἔθνους
966 3125 990 3178 Ρ
1012 3124 1085 3180 κατὰ
1105 3126 1192 3187 ἔθνος
1281 3122 1282 3139 ³

174 3195 225 3250 CR
247 3197 314 3252 etv
338 3199 384 3252 sed
406 3215 440 3252 m.
464 3203 480 3252 1
503 3214 572 3253 corr.
596 3196 669 3252 κατά
692 3205 743 3252 τοῦ
766 3197 870 3260 ἔθνους
890 3197 913 3249 F
936 3195 1077 3259 έπέθνους
1094 3198 1121 3250 Α
1143 3197 1189 3252 ἐπὶ

174 3268 260 3331 ἔθνος
278 3268 308 3321 Β.
323 3299 358 3308 -
378 3273 410 3322 15
430 3268 617 3337 καταρπάζειν
631 3267 721 3322 BGN.
736 3300 770 3308 -
790 3273 822 3321 21
837 3265 936 3338 μίσους
948 3267 1033 3322 AOR.
1049 3300 1083 3309 -
1104 3273 1139 3322 λθ
1157 3275 1191 3338 τῇ

174 3353 224 3390 om.
239 3337 305 3390 DM.
326 3369 359 3378 -—
379 3345 412 3392 λδ
431 3338 531 3410 νόμον]
550 3337 632 3407 λόγον
651 3339 708 3392 AB.
1181 3337 1185 3342 ’

249 3481 265 3526 4
285 3475 421 3545 ἐπανέστη
440 3477 469 3532 P.
490 3509 523 3518 -—
546 3485 579 3531 25
598 3479 647 3532 καλ
665 3480 731 3542 τοὺς
748 3479 878 3548 μὲν-μ.
894 3485 984 3548 297,1
1004 3485 1191 3552 μεταχειριζο-

178 3539 278 3609 μένους
296 3561 345 3598 om.
361 3546 390 3598 P.
