2617 3909
174 188 240 254 294
489 189 676 241 rumoT
694 189 877 241 ιιοειεεον

173 331 228 415 ἀφ’
254 330 291 398 οὗ
313 335 458 418 Σεβαστοί
485 335 534 398 καί
557 335 728 418 Αύγουστοι
754 336 1046 419 προσηγορεύθησαν
1074 337 1108 398 οἱ
1122 331 1193 398 Ῥω-

173 436 269 516 μαίων
301 436 444 515 βασιλεῖς,
476 433 527 495 καί
558 433 575 498 ό
607 434 668 514 μὴν
699 433 874 516 Αύγουστος
903 433 1020 514 ἐκλήθη
1047 436 1194 517 πρότερον

170 529 331 607 Ἐκστίλιος
356 531 582 612 ὀνομαζόμενος.
627 526 715 606 οότος
736 524 795 594 οὖν
816 529 834 592 ό
857 529 1032 614 Αὔγουστος
1054 534 1193 594 Κλεοπά-

172 654 243 713 τραν
266 637 305 716 τῷ
324 631 448 714 τετάρτῳ
472 629 528 692 έτει
550 639 603 710 τῆς
620 630 770 710 βασιλείας
792 629 886 692 αύτοῦ
908 630 1123 711 χειρωσάμενος
1142 629 1193 692 καὶ

145 739 271 792 ιπᾶσαν
293 728 348 808 τὴν
367 728 523 809 Αίγυπτον
544 727 694 802 ὑποτάξας
716 726 853 789 καθελὼν
879 728 935 808 τὴν
957 729 1110 807 βασιλείαν
1132 738 1193 789 τῶν

171 826 365 904 Πτολεμαίων
387 824 583 908 ὃιαρκέσασαν
606 813 681 887 έτεσι
703 822 762 905 σθ’,
787 824 838 887 καί
860 825 958 905 πάσης
982 835 1036 906 τῆς
1057 835 1115 908 γῆς
1137 849 1193 888 κυ-

172 923 290 1004 ριεύσας
316 922 367 985 καί
394 922 446 996 τάς
473 925 631 1004 τοπαρχίας
657 923 823 996 καταλύσας
852 921 949 985 ἀνεῖλε
980 921 1050 997 τούς
1079 925 1193 1002 φονεύ-

171 1039 279 1095 σαντας
302 1020 394 1083 αύτοῦ
417 1021 470 1084 τόν
492 1027 579 1084 θεῖον
598 1015 731 1083 Ἰούλιον.
768 1021 868 1094 κτίσας
887 1019 919 1083 δέ
937 1019 987 1082 καί
1004 1020 1105 1094 πόλεις
1124 1022 1191 1102 δύο,

72 1133 112 1174 215
127 1133 158 1172 M·
173 1120 244 1199 μίαν
267 1119 299 1181 ἒν
322 1127 361 1205 τῷ
382 1119 491 1206 Πόντῳ
514 1118 564 1181 καί
587 1117 681 1197 άλληυ
702 1118 735 1180 έν
758 1127 793 1203 τῇ
814 1112 947 1203 Ἀραβίη,
969 1117 1020 1180 καί
1038 1117 1141 1201 έτέραν
1159 1119 1192 1182 έν

132 1240 158 1280 ιο
172 1220 270 1303 Συρία
305 1225 529 1279 καταπεσοῦσαν
564 1217 624 1279 ὑπὸ
656 1218 822 1296 θεομηνίας
858 1214 981 1297 ὀνόματι
1013 1219 1192 1297 Σαλαμίνην

171 1314 336 1397 ἀνεγείρας,
363 1315 479 1377 ἐκάλεσε
506 1315 561 1394 τὴν
589 1311 642 1394 μὲν
658 1312 809 1396 ’Ἀγκυραν
837 1313 887 1376 διὰ
914 1315 946 1377 τὸ
974 1313 1067 1394 μέσην
1095 1314 1192 1394 αὐτὴν

172 1407 248 1475 εἶναι
271 1423 330 1475 τῶν
353 1410 387 1493 β’
409 1417 569 1474 θαλασσῶν
592 1421 645 1492 τῆς
668 1435 697 1473 τε
720 1415 872 1492 Ποντικῆς
894 1410 945 1473 καί
967 1421 1020 1492 τῆς
1039 1406 1191 1493 Ἀσιανῆς,

172 1509 226 1590 τὴν
250 1508 282 1572 δέ
305 1509 438 1592 Βόστραν
465 1511 507 1584 είς
535 1509 629 1590 ’όνομα
651 1519 704 1571 τοῦ
731 1511 884 1584 κτίσαντος
906 1509 1002 1589 αὐτὴν
1024 1520 1194 1592 στρατηγοῦ

171 1607 314 1690 Βόστρον,
337 1607 392 1687 τὴν
415 1607 448 1669 δὲ
471 1609 658 1688 μετωνόμασε
680 1606 852 1670 Διόσπολιν.

133 1728 159 1768 ιι
236 1699 396 1767 Ἐντεῦθεν
419 1707 521 1767 τοίνυν
544 1704 661 1787 άρχεται
683 1702 703 1784 ἡ
726 1705 846 1787 τετάρτη
868 1707 1010 1786 βασιλεία,
1033 1703 1073 1784 ἣν
1092 1705 1108 1769 ό
1127 1712 1190 1767 Δα-

171 1803 240 1881 νιηλ
266 1802 299 1865 έν
326 1812 361 1888 τη
390 1813 449 1864 τῶν
474 1801 505 1865 ὃ
527 1804 645 1885 θηρίων
674 1800 798 1888 όπτασίμ
825 1801 961 1885 τέταρτον
988 1805 1101 1885 θηρίον
1124 1806 1189 1866 δια·
1283 1862 1284 1865 ,

172 1898 265 2018 φέρον
292 1911 351 1963 τῦν
379 1899 475 1964 ἄλλων
502 1910 648 1984 τροπικῶς
678 1898 906 1981 ὀνομάζειέφ
867 1894 980 1964 έόύ
1007 1899 1102 1964 καλό
1131 1912 1190 1964 τῶν

172 1999 296 2079 πρώτων
333 1996 365 2061 δ’
400 1999 550 2082 στοιχείων
587 2000 769 2082 δημιουργὸς
804 1998 854 2060 καὶ
890 2000 942 2063 τὸν
978 1999 1189 2082 τετραπέρατον

171 2099 284 2177 κόσμον
308 2097 458 2176 συνδήσας
481 2097 513 2159 έν
536 2098 651 2170 τούτοις
671 2090 786 2177 Ἰησοῦς
806 2097 933 2179 Χριστός
956 2096 1116 2180 ἔσαρκάθη
1140 2098 1189 2160 διὰ

132 2219 159 2258 νο
172 2195 227 2274 τὴν
250 2193 394 2278 ἡμετέραν
421 2197 578 2277 σωτηρίαν.
624 2195 699 2257 ὅθεν
725 2194 844 2268 εἰκότως
867 2193 956 2277 μέγας
978 2195 1116 2275 βασιλεὺς
1140 2195 1189 2257 καὶ

172 2293 315 2373 ἐπίσημος
338 2291 411 2375 ὑπὲρ
435 2293 548 2367 πάντας
571 2289 587 2353 ό
610 2290 785 2377 Αὔγουστος
806 2292 856 2353 καί
882 2292 1009 2366 δυνατὸς
1030 2292 1190 2375 γενόμενος

172 2389 294 2465 ὑπέταξε
317 2390 368 2465 τὰς
392 2390 511 2473 μερικὰς
533 2391 682 2471 βασιλείας
703 2381 805 2464 ’πάσας
828 2389 879 2451 όιόι
900 2389 953 2452 τὸν
975 2389 1008 2452 έν
1030 2397 1095 2465 ταῖς
1117 2389 1189 2471 ἡμέ-

172 2512 237 2570 ραις
261 2487 353 2550 αὐτοῦ
380 2487 500 2568 βασιλέα
527 2497 580 2550 τοῦ
608 2488 719 2562 παντὸς
745 2486 795 2548 καί
820 2488 925 2570 κύριον
952 2487 1093 2569 τεχθέντα
1115 2490 1189 2550 κατὰ

244 2663 332 2713 8—14
350 2660 385 2726 cf.
400 2658 520 2713 Malalas
529 2677 559 2728 p.
576 2665 636 2727 221,
648 2665 695 2724 193
710 2665 770 2725 223,
787 2665 961 2727 113229,13.
978 2691 1011 2700 -
1028 2665 1134 2714 14-20
1153 2662 1188 2727 ef.

173 2732 229 2785 Leo
249 2728 370 2784 Gramm.
386 2747 416 2798 μ.
432 2734 475 2796 55,
492 2735 532 2784 13.

244 2879 259 2926 2
281 2870 386 2938 ἐκλήθη
410 2868 462 2925 όέ
449 2870 505 2926 ἐστι
529 2873 661 2962 σεβαστός
683 2873 744 2926 ΗΜ
769 2867 858 2929 έκλ.
843 2891 857 2926 ο
882 2873 957 2928 ἐστιν
979 2871 1074 2938 αύξων
1097 2874 1130 2928 R
1155 2905 1188 2914 -

173 2950 189 2997 θ
209 2940 350 3010 ἐκστηλιος
367 2941 420 2994 ΑΝ
425 2941 447 2995 Ρ
470 2941 608 3008 ἐκστολιος
626 2944 648 2997 Β
673 2942 804 3010 σεξτίλιος
821 2944 843 2997 P
861 2949 888 2999 τί
904 2960 975 2998 rece.
993 2945 1119 3013 quidam,
1139 2945 1189 2999 alii

174 3012 391 3079 σεξστίλιος.-
420 3018 436 3066 8
459 3013 508 3068 τόν
531 3018 613 3070 θεῖον
636 3016 724 3070 αὐτοῦ
746 3015 851 3070 ADFV
873 3015 923 3070 τὸν
950 3016 1039 3070 αύτοῦ
1064 3017 1187 3072 θεῖονΙι

173 3089 255 3139 θεῖον
274 3085 362 3138 αὐτοῦ
382 3101 432 3139 om
451 3084 541 3139 Β.-
566 3091 599 3140 10
619 3086 728 3157 σαλαμή
710 3086 745 3154 ήν
764 3087 852 3141 vFM
874 3085 982 3156 σαλαμη
965 3085 1040 3156 ηνῦ
1064 3086 1188 3156 σαλαμά-

174 3156 265 3225 νηνΒ
283 3155 516 3280 σαρμμῑναΒ,-
538 3163 569 3211 11
585 3158 750 3227 ἀγκύρανΑ
690 3108 860 3213 ustm-
876 3164 909 3212 14
923 3155 1187 3256 μετονόμασεΑΟΜ

174 3226 300 3296 ὠνόμασε

246 3366 453 3423 adomR-
474 3369 835 3433 'IdwsnsualwbcP-
856 3377 889 3426 16
905 3367 1111 3426 ύπτασία-Ῑῖ
1125 3392 1187 3440 τρο

174 3497 263 3550 πικῶς
284 3507 334 3545 om.
353 3490 441 3545 Ρ,-
467 3496 499 3544 17
520 3490 568 3544 ὀνο
569 3490 753 3560 μάζειΡ-
778 3499 811 3549 18
835 3495 865 3549 δ’
885 3512 935 3551 om
954 3495 1044 3550 Ρ.-
1068 3501 1103 3550 20
1121 3497 1188 3552 Post

176 3558 313 3628 σωτηρίαν
333 3562 392 3616 alia
410 3563 498 3615 multa
516 3562 579 3615 add.
569 3511 624 3614 P.
