2617 3909
162 249 226 313 178
474 248 661 301 σεαευεου
679 248 863 300 υουεεου

159 408 219 460 τῶν
237 397 292 476 τὴν
311 398 441 475 δύναμιν
458 395 509 456 καὶ
526 395 581 475 την
599 395 710 474 τόλμαν
728 395 812 475 ἔλαβε
830 394 862 457 τὸ
880 395 962 476 ύδωρ
980 393 1029 456 καί
1044 394 1187 458 ἔσπεισεν

159 495 233 557 αύτὸ
256 497 348 579 κυρίῳ
371 493 475 575 λέγων·
495 494 579 567 ἢεώς
597 516 658 573 μοι,
679 494 772 575 κύριε,
790 493 818 555 εί
835 487 907 572 αίμα
925 491 1099 575 ἀνθρώπων
1118 503 1185 555 τῶν
1228 574 1231 578 .

158 591 368 675 πορευθέντων
391 592 424 654 ἐν
445 597 510 665 ταῖς
532 597 645 672 ψυχαῖς
668 590 767 653 αὑτῶν
789 590 903 670 πίομαι.
942 588 1051 669 δμοίως
1075 588 1107 652 δέ
1127 590 1183 652 καὶ

159 692 191 753 οἱ
218 690 316 753 λοιποὶ
342 689 441 751 αὑτῶν
468 688 604 770 ὑπῆρχον
631 685 738 770 ἄνδρες
767 689 966 750 δυνατώτατοι
992 687 1043 750 καί
1065 685 1180 750 άκατα»

131 788 297 870 εχώνιστοι
327 787 377 849 καὶ
408 786 483 868 πρὸς
514 786 584 860 τούς
614 786 768 860 ἐναντίους
796 785 1010 867 φοβερώτατοι,
1042 786 1180 868 θυρεούς

158 886 292 967 αἴροντες
322 885 372 946 καὶ
404 884 514 967 δόρατα
546 883 665 967 μέγιστα
696 883 747 945 καὶ
778 893 889 962 κοῦφοι
920 889 982 956 τοῖς
1012 882 1103 945 ποσίν
1136 882 1180 958 ὡς

158 982 301 1064 δορκάδες
323 981 371 1044 ἐπὶ
393 993 453 1044 τῶν
476 980 569 1064 ὀρέων
592 981 786 1064 ὑπάρχοντες,
813 980 864 1042 καί
886 978 906 1059 ἡ
930 980 1096 1060 κατασκευὴ
1120 983 1177 1044 αύ-

156 1090 216 1142 τῶν
238 1082 319 1142 πάνυ
342 1079 516 1161 ἔκπληκτος,
546 1079 655 1141 καὶτὰ
677 1079 822 1162 πρόσωπα
845 1079 944 1140 αὐτῶν
966 1076 1008 1152 ὡς
1029 1078 1178 1161 πρόσωπα

56 1203 98 1242 τοο
111 1201 142 1241 κ.
157 1178 291 1240 λεόντων.
336 1178 406 1253 τοὺς
429 1177 462 1241 δέ
484 1201 516 1260 γε
539 1177 714 1258 πολεμιστὰς
736 1185 789 1238 τοῦ
812 1186 916 1238 κοινοῦ
937 1181 1021 1256 λαοῦ,
1045 1174 1099 1250 οὑς
1117 1172 1175 1257 εἶχε

116 1299 145 1340 ιο
156 1277 246 1337 πάλιν
269 1275 285 1339 6
308 1277 417 1357 Δαυίδ,
443 1267 480 1355 ἦν
502 1273 518 1337 6
542 1274 672 1358 άριθμδς
696 1275 836 1357 μυριάδες
858 1271 935 1354 σ1δ’,
958 1273 1062 1347 καθὼς
1082 1273 1175 1355 ἠριθ-

156 1374 300 1453 μήθησαν
322 1373 382 1436 ὑπὸ
402 1367 490 1453 Ἰωδβ
512 1382 566 1434 τοῦ
588 1371 828 1455 ἀρχιστρατήγου.

225 1470 306 1550 Φησὶ
335 1471 405 1553 γάρ·
438 1471 488 1532 καί
519 1470 683 1553 προσέθετο
715 1468 789 1556 ὀρχῇ
825 1470 929 1551 κύριος
965 1468 1108 1548 ἐκκαῆυαι
1140 1469 1175 1532 ἐν

152 1565 269 1652 Ἰσραὴλ
290 1567 341 1629 καί
363 1567 490 1630 ἐπέσεισε
513 1567 566 1629 τὸν
583 1567 684 1630 Δαυίδ
706 1567 739 1630 ἐν
760 1566 861 1640 αὐτοῖς
879 1565 983 1649 λέγων·
1006 1567 1175 1648 πορεύθητι

154 1665 205 1727 καί
234 1664 405 1748 άρίθμησον
436 1666 489 1726 τὸν
513 1661 629 1748 Ἰσραὴλ
660 1665 710 1728 καί
741 1665 793 1728 τὸν
817 1659 924 1727 Ἰούδα.
969 1664 1019 1726 καί
1045 1659 1127 1727 εἶπεν
1157 1663 1175 1726 6

115 1788 141 1828 15
155 1763 294 1845 βασιλεὺς
315 1764 391 1844 πρὸς
409 1759 496 1842 Ἰωδιβ
518 1763 570 1826 τὸν
595 1761 722 1846 ύίρχοντα
749 1773 802 1843 τῆς
825 1763 925 1843 ἰσχύος
947 1773 1007 1824 τῶν
1029 1757 1091 1842 μετ’
1117 1763 1174 1826 αύ-

155 1870 220 1922 τού·
245 1862 343 1922 δίελθε
367 1860 405 1940 δὴ
432 1859 484 1934 τὰς
511 1859 611 1939 φυλὰς
637 1863 734 1935 πάσας
753 1857 869 1943 Ἰσραὴλ
891 1860 940 1922 καί
969 1862 1012 1922 ἴδε
1034 1859 1085 1922 καί
1109 1860 1173 1922 ἐπί-
1295 1841 1296 1848 ¹

155 1973 264 2037 σκεψαι
285 1957 338 2019 τὸν
360 1958 443 2038 λαόν,
465 1958 515 2020 καί
537 1960 689 2041 γνώσομαι
711 1960 763 2020 τὸν
781 1957 913 2042 ἀριθμὸν
930 1968 984 2020 τοῦ
1003 1963 1085 2020 λαοῦ.
1121 1959 1174 2020 καί

153 2050 234 2119 εἶπεν
255 2051 352 2137 Ἰωάβ·
380 2058 530 2139 προσθείη
556 2057 661 2139 κύριος
688 2055 704 2119 6
730 2057 803 2130 θεὸς
825 2056 908 2139 πρὸς
926 2056 978 2119 τὸν
1005 2055 1078 2118 λαόν
1106 2074 1172 2118 σου.

153 2154 204 2216 καί
227 2155 277 2216 ἴνα
298 2155 329 2215 τί
350 2153 366 2217 6
389 2155 492 2236 κύριός
519 2177 578 2234 μου
605 2155 744 2235 βούλεται
767 2154 799 2215 ἐν
822 2161 861 2239 τῷ
886 2154 962 2240 λόγῳ
989 2154 1097 2239 τούτμς
1121 2154 1173 2216 καὶ

112 2277 140 2316 ιο
154 2251 348 2335 ὑπερίσχυσεν
371 2250 387 2313 6
405 2253 492 2334 λόγος
512 2261 565 2313 τοῦ
584 2251 727 2332 βασιλέως
745 2251 819 2333 πρὸς
834 2247 921 2332 Ἷυδιβ
939 2251 1081 2334 καὶπρὸς
1100 2252 1173 2326 τοὺς

153 2347 295 2430 δίρχοντας
322 2359 375 2430 τῆς
403 2350 571 2431 δυνάμεως,
599 2349 650 2412 καί
679 2349 816 2431 ἀπῆλθεν
836 2345 922 2430 Ἰαδιβ
949 2348 1173 2428 ἐπισκέψασθαι

151 2447 204 2509 τὸν
222 2448 307 2554 μαύν.
353 2447 403 2508 καί
425 2447 464 2526 δὴ
487 2447 723 2528 ἐπισκεψάμενος
750 2445 859 2509 δέδωκε
886 2448 938 2511 τὸν
961 2445 1093 2530 ἀριθμὸν
1116 2458 1172 2528 τῆς

224 2632 256 2679 12
268 2643 321 2696 sqq.
341 2625 374 2680 11.
389 2627 477 2697 Rogg.
493 2632 535 2695 24,
552 2635 631 2698 lsqq.
650 2628 671 2681 1.
686 2627 785 2682 Chron.
802 2633 844 2696 21,
861 2635 939 2698 lsqq.

224 2773 238 2821 1
259 2767 384 2823 ἔσπεισεν
399 2767 447 2822 LV
460 2774 486 2823 et
497 2786 532 2823 m.
542 2772 562 2823 2
575 2769 599 2824 D
620 2770 732 2825 ἐσπισεν
741 2768 898 2824 ADFGPR
916 2770 994 2826 ἔπιεν
1007 2769 1096 2824 ΒΗΜ
1116 2770 1170 2825 ούκ

151 2837 322 2894 ἐπιενΟ-
341 2845 357 2892 2
377 2839 446 2894 αύτὺ
464 2859 517 2908 κυρ
519 2837 551 2894 tm
565 2840 644 2894 DLV
663 2842 737 2896 αὑτῶ
755 2857 806 2908 κυρ
809 2839 841 2894 ίω
855 2840 1025 2896 AGGHMP
1044 2841 1115 2895 αύτὺ
1132 2846 1177 2915 τῷ

150 2907 238 2984 κυρίῳ
252 2909 300 2963 PR
318 2910 387 2965 αὑτὸ
402 2913 462 2980 (om.
477 2931 513 2965 κυ
502 2860 671 2983 ‹6966-
686 2909 758 2973 6269
771 2862 938 2966 AFHMa-
903 2921 1007 2967 -τών
1021 2929 1072 2968 om.
1082 2911 1117 2966 N.
1132 2944 1169 2953 —

150 2986 166 3035 6
181 2965 441 3105 αίροντεςχέχοντες
450 2981 585 3036 6661.-
595 2988 612 3037 8
626 2981 695 3037 εύπλ
696 3002 779 3052 ηκτος
789 2982 890 3037 OR-
901 2989 934 3037 10
949 2982 964 3039 6
979 2986 1035 3040 δᾶδ
1048 2983 1135 3038 πάλιν
1144 2984 1171 3036 Β

148 3051 234 3107 πάλιν
248 3069 298 3107 om.
349 3052 465 3108 πάλινδ
484 3070 535 3109 om
550 3004 997 3126 Ρ.-τ1βη8υἱά.οΔαυίδ
1014 3060 1046 3107 12
1063 3054 1094 3123 6
1113 3054 1170 3124 ὴΙι

148 3126 208 3179 sine
226 3140 281 3179 σοι.
295 3123 372 3192 Αύρ
373 3124 523 3194 γύψ-νῦ
544 3130 577 3178 13
597 3124 695 3194 ἐπέστη
697 3143 726 3180 σε
739 3124 848 3179 AG
868 3132 901 3180 14
917 3125 1117 3182 ἐούδανῈ
1131 3157 1169 3166 -
1291 3137 1292 3178 3

151 3202 184 3250 16
203 3194 239 3264 δὴ
258 3211 308 3250 om
325 3145 444 3249 ΝΙίίη-
464 3193 598 3266 ἐπίσκεψε
615 3195 697 3250 ΒΗΜ
720 3194 920 3266 ἐπίσκεψονί).

221 3342 237 3389 6
257 3335 308 3405 6
273 3333 374 3460 μοίωςχ
390 3333 562 3392 οὑτοιΡ.-
580 3339 713 3392 4λοιποὶ
729 3339 822 3392 αὑτῶν
840 3337 946 3401 πάντες
962 3337 1064 3408 ἄνδρες
1078 3338 1170 3394 δυνά-

149 3423 220 3473 μεως
234 3405 312 3468 ὄντες
324 3428 362 3461 κα
386 3409 527 3476 θυραιοὺς
541 3407 596 3477 αίρ.
611 3408 692 3462 P.—
707 3414 796 3471 θεοῖς
809 3411 893 3464 ποσίν
907 3426 957 3465 om.
972 3410 1053 3463 P.—
1069 3416 1083 3463 7
1102 3411 1167 3482 καὶ]

148 3469 278 3543 6vP-
298 3477 410 3532 θποίνυ
423 3479 585 3562 ἔκπληκτος]
600 3478 802 3550 φοβεράΡ-
816 3480 909 3534 αὑτῶν
923 3497 973 3534 om.
988 3480 1018 3533 P.
1032 3509 1067 3520 —
1082 3485 1099 3534 9
1113 3489 1167 3535 τοῦ

147 3554 247 3600 κοινοῦ
261 3549 330 3600 ίαου
340 3564 390 3603 om
400 3547 510 3602 PSuid.
519 3547 698 3604 υΗΔαυίδ-
710 3555 743 3604 10
757 3551 813 3604 δᾶδ
827 3571 863 3619 μυ
865 3545 991 3620 ριάδεςῆ
993 3569 1046 3605 σαν
1060 3549 1122 3605 ow
1133 3551 1165 3605 P.

147 3646 183 3655 -
195 3621 228 3668 12
239 3614 270 3669 ἐν
280 3616 378 3686 tapam
388 3619 436 3672 καί
446 3619 508 3688 ἔστη
518 3619 673 3692 διάβολοςέ
674 3641 690 3674 ν
699 3641 738 3695 τμ
725 3620 875 3690 ίσραηλΡ
885 3621 958 3690 (eccl
969 3573 1069 3676 ghron.
1078 3627 1111 3676 21
1114 3625 1165 3690 ,.11
