2617 3909
172 236 294 286 umw
582 234 784 287 PRAEFATIO

176 385 254 443 meri
275 381 320 452 n'}
341 387 374 443 et
390 362 436 457 {a}
473 383 632 442 Praeterea
654 384 687 441 in
710 385 810 442 vetere
833 383 942 442 conus
965 386 1053 460 parte
1072 385 1203 461 insanip·

170 475 274 533 vtiones
293 475 411 533 exstant
428 474 498 533 hee:
520 472 553 531 P.
568 474 642 546 251,
660 474 701 531 10
719 468 796 551 Περλ
813 479 867 550 τῆς
884 471 1033 550 βασιλείας
1044 466 1202 553 Ἱεροβοὰμ
1295 517 1297 538 f

168 559 320 641 βασιλέως
337 561 507 640 Σαμαρείας
526 558 576 620 καὶ
594 558 661 641 περὶ
679 568 733 639 τῆς
757 558 925 640 διαιρέσεως
947 568 1008 620 τῶν
1033 557 1105 621 aaa
1126 562 1201 640 σκή-

177 671 291 732 ντρανς
313 671 343 728 p.
364 651 495 726 264,18
516 642 604 731 Ἀρχή
623 658 677 728 τῆς
690 649 839 728 βασιλείας
858 648 1131 730 Ναβουχοδονόσορ
1143 651 1201 730 βα-

167 738 279 811 :alme
295 740 489 819 Βαβυλῶνσςς
511 759 540 816 p.
562 741 635 813 293,
650 740 670 798 8
686 733 775 819 Ἀρχὴ
797 746 851 817 τῆς
865 731 1014 817 Ῥωμαίων
1034 739 1199 818 βασιλείας;

167 850 206 906 a-p.
227 830 357 904 364,12
379 821 466 909 Ἀρχὴ
489 836 542 907 τῆς
563 824 705 907 Νέρωνος
727 828 889 907 βασιλείας;
911 848 940 904 ρ.
960 830 1035 903 489,
1050 830 1092 887 22
1116 831 1199 909 Χρο-

167 917 262 979 arcada
289 915 356 997 περὶ
382 925 436 996 τῆς
462 925 521 977 τῶν
540 919 737 995 Χριστιανῶν
763 917 913 995 βασιλείας
938 914 989 976 καὶ
1015 915 1083 997 περὶ
1108 920 1200 978 Κων-

177 1006 333 1067 σιαντίνον
347 1014 401 1067 τοῦ
415 1006 541 1088 μεγάλου
555 1003 706 1085 βασιλέως.
743 1004 826 1075 Quae
839 1007 959 1082 praeter
970 1008 1199 1083 inscriptionem
1295 1049 1296 1058 .

175 1096 303 1155 Neronis
322 1096 447 1172 imperio
464 1095 626 1172 praefixam
644 1095 752 1155 iisdem
769 1096 842 1156 loeis
863 1095 1057 1155 inveniuntur
1079 1097 1201 1156 eadem·

164 1205 234 1262 que
257 1186 318 1245 fere
340 1186 433 1246 verba
455 1186 608 1245 continent
630 1188 722 1261 atque
738 1187 948 1261 inscriptiones
965 1185 1111 1244 librorum
1131 1186 1196 1246 01).

165 1275 242 1348 ¹Hae
266 1294 384 1352 qnoque
407 1294 438 1334 re
462 1295 480 1333 a
501 1274 558 1334 01>
578 1293 672 1352 prope
692 1274 777 1335 abest
801 1275 834 1350 V,
857 1274 937 1351 quod
954 1276 988 1333 in
1004 1275 1123 1335 Phocoe
1140 1278 1197 1334 im·
1295 1317 1297 1322 ,

165 1364 252 1441 ,perii
277 1365 336 1423 fine
365 1363 604 1425 additamentum
631 1384 691 1423 non
719 1364 868 1423 adiicitur.
914 1360 1198 1441 Largioremlibris
1295 1383 1297 1440 i

164 1452 368 1546 ¹Goislinianis
379 1454 581 1512 narrationem
593 1453 712 1511 exhibet
727 1454 792 1511 Vin
804 1452 937 1528 imperiis
947 1451 1060 1513 Galbae
1068 1450 1198 1513 Othonis

175 1541 302 1617 Vitellii,
324 1544 538 1618 imperatorum
557 1561 575 1599 a
592 1542 695 1601 Marco
713 1542 837 1601 Aurelio
860 1560 953 1617 usque
977 1542 1015 1600 ad
1033 1542 1197 1603 Diocletia-

174 1651 255 1706 num,
274 1630 388 1690 Tiberii
405 1630 445 1705 Π,
462 1630 648 1690 Heraclonae
666 1630 799 1690 Heraclii
818 1630 880 1689 filii.
913 1630 958 1689 De
976 1631 1023 1690 his
1040 1630 1115 1691 locis
1133 1632 1198 1691 iam

165 1719 301 1799 disserui
318 1720 353 1779 B.
367 1720 396 1778 Z.
411 1719 452 1795 Π,
468 1723 484 1778 1
497 1737 560 1795 sqq.
575 1723 605 1778 et
618 1718 672 1795 VI,
687 1721 752 1779 234
762 1738 826 1796 sqq.
863 1719 1074 1779 Demonstravi
1093 1723 1198 1781 autem

165 1805 411 1886 'quibuscumque
443 1808 656 1869 additamentis
693 1810 840 1887 genuinus
874 1810 973 1868 textus
1008 1812 1114 1869 auctus
1144 1812 1195 1887 sit,
1295 1821 1296 1872 1

175 1898 276 1958 omnia
294 1898 414 1973 fluxisse
433 1918 448 1957 e
467 1898 605 1957 chronico
624 1898 704 1973 qnod
723 1898 822 1958 codice
840 1898 976 1958 Parisino
996 1896 1108 1959 Graeco
1128 1900 1195 1958 854
1295 1895 1296 1906 ’

162 1978 343 2064 scontinetur
369 1988 476 2047 Leonis
505 1985 700 2046 Grammatici
731 1989 850 2047 nomine
877 1987 969 2064 vulgo
996 1986 1196 2065 designatum.

173 2076 219 2137 De
250 2077 465 2155 posterioribus
496 2076 565 2135 inde
598 2096 616 2136 a
642 2075 797 2135 Michaelis
826 2075 874 2135 111
905 2076 1030 2153 imperio
1063 2077 1195 2137 chronici

162 2160 309 2245 ¹partibus
331 2168 364 2225 in
382 2167 466 2226 tertii
483 2165 643 2225 voluminis
666 2165 853 2242 praefatione
876 2164 1026 2224 disseram.
1068 2166 1195 2225 Praeter

160 2248 241 2317 ¹illas
264 2256 510 2334 interpolationes
532 2257 633 2315 textus
659 2253 798 2313 simfliter
826 2257 915 2331 atque
943 2255 975 2311 in
997 2255 1065 2330 BF,
1092 2256 1195 2314 minus

172 2348 274 2405 tamen
296 2346 437 2423 graviter,
462 2346 610 2404 correctus
634 2346 687 2404 est.
728 2343 829 2419 Atque
851 2342 883 2401 id
905 2344 1053 2419 imprimis
1076 2343 1196 2403 studuit

160 2424 220 2493 ‘hic
244 2454 361 2511 quoque
384 2434 533 2509 librarius,
557 2432 637 2509 quod
661 2451 737 2509 quae
758 2430 904 2509 Georgius
927 2432 1072 2507 ψελλίζων
1095 2452 1113 2492 a
1136 2454 1191 2509 pu-

171 2525 260 2583 rioris
278 2523 421 2583 sermonis
440 2523 554 2601 legibus
573 2523 672 2581 aliena
690 2522 850 2597 scripserat
868 2520 1046 2581 emendaret.
1082 2521 1194 2582 Paucis

171 2615 291 2672 tantum
309 2612 382 2671 locis
401 2630 468 2671 cum
486 2610 550 2670 BF
563 2613 612 2670 vel
633 2630 700 2670 cum
720 2611 864 2670 alterutro
885 2613 1032 2670 consentit
1057 2612 1090 2685 V,
1114 2613 1192 2672 alios

171 2702 346 2777 plerumque
368 2701 449 2761 locos
472 2702 520 2760 vel
539 2700 657 2760 eosdem
681 2700 770 2759 aliter
786 2702 917 2760 mutavit
936 2702 1026 2775 atque
1044 2699 1192 2759 librorum

159 2791 235 2849 «BF
249 2792 417 2867 scriptores.
461 2789 525 2859 Qua
544 2810 580 2849 ex
597 2810 629 2849 re
652 2809 766 2849 nonen
785 2790 888 2848 eodem
907 2790 1070 2867 archetypo
1088 2808 1107 2847 a
1124 2792 1195 2849 viro

158 2882 259 2940 -docto
282 2879 438 2940 emendato
460 2880 514 2939 hos
538 2880 652 2939 codices
676 2898 739 2939 esse
761 2878 934 2954 descriptos,
957 2879 1009 2938 sed
1031 2898 1117 2939 suum
1140 2900 1194 2938 ne·

159 2972 286 3048 gotium
306 2982 550 3046 'unumquemque
575 2970 682 3028 horum
704 2967 896 3027 librariorum
918 2968 1013 3045 egisse
1036 2970 1115 3027 clare
1137 2988 1191 3046 ap-

158 3062 265 3134 paret.
312 3057 409 3127 Quare
436 3059 574 3117 monachi
601 3059 684 3117 illius
712 3076 878 3117 sermonem
908 3058 1118 3116 inconcinnum
1144 3060 1191 3116 in·

158 3151 286 3207 ‘tactum
308 3148 475 3224 relinquere
502 3166 562 3206 non
585 3147 722 3207 dubitavi
750 3145 1005 3205 etiamsi-codices
1028 3146 1123 3205 BFV
1140 3147 1193 3205 hic

170 3238 234 3296 illic
258 3237 377 3297 saniora
398 3236 539 3314 praebere
563 3236 729 3296 videantur.

238 3326 293 3385 Est
310 3326 386 3385 liber
406 3326 671 3404 Vdiligentissime
690 3328 805 3385 etcum
824 3323 1055 3403 orthographiae
1073 3323 1193 3401 legibus

111 3432 113 3439 ⁴
157 3418 365 3493 *congruenter
388 3418 516 3491 scriptus
539 3416 597 3474 nisi
621 3416 702 3491 quod
725 3437 745 3491 η
769 3417 800 3472 et
822 3436 833 3472 ι
856 3432 944 3489 saepe
967 3416 1190 3472 commutentur

160 3507 201 3563 ¹et
223 3505 346 3579 spiritus
368 3506 560 3584 neglegenter
581 3506 742 3579 ponuntur.
788 3501 908 3579 Optime
932 3520 1050 3577 quoque
1072 3520 1190 3560 conser-

157 3597 257 3653 ”uatus
280 3597 378 3653 textus
395 3597 456 3668 est,
480 3597 689 3669 praeterquam
713 3592 794 3667 qnod
811 3591 860 3649 hic
878 3592 941 3650 illic
955 3590 1079 3666 singula
1095 3590 1192 3649 verba
