2617 3909
536 189 725 272 Χαρόπου
1070 217 1134 282 123

114 376 176 429 νῦν
198 365 388 447 ἀναβήσομαι
414 366 490 448 πρὸς
516 365 568 427 τόν
595 365 685 446 θεόν,
714 367 764 427 λ’να
790 365 965 446 ἐξιλάσωμαι
991 365 1058 449 περὶ
1081 375 1134 446 της

114 463 261 548 ἁμαρτίας
283 463 377 544 ἁμῶν.
422 459 484 526 εἶτα
506 464 653 545 ἐπήγαγεν
676 463 801 538 εὐθέως·
825 463 982 544 ἐπέστρεψε
1004 455 1134 526 &Mm-

107 559 193 643 ’ϋσῆς
223 562 298 644 πρὸς
329 562 435 645 νόριον
465 561 517 624 καὶ
548 557 641 623 εἶπεν·
669 560 787 642 δέομαι,
819 559 987 644 ἡμάρτηκεν
1015 561 1031 624 ό
1063 563 1133 637 λαὸς

113 653 204 734 οὰτος
227 657 372 742 ἁμαρτίαν
394 661 524 741 μεγάλην
550 659 601 721 τιαλ
628 659 772 738 ἐποίησαν
799 659 915 733 ἑαυτοῖς
937 661 1037 734 θεούς.
1082 659 1134 721 καλ

114 767 175 819 νῦν
197 757 225 819 εἰ
246 755 301 837 μὲν
323 757 410 836 ἀφεῖς
432 758 534 831 αὐτοῖς
556 758 611 838 τὴν
634 756 779 839 ἁμαρτίαν
801 757 915 838 αὐτῶν,
938 756 1028 838 ἁφες,
1051 759 1079 820 εἰ
1100 756 1133 822 δὲ
1160 781 1173 822 ι

116 855 175 936 μή,
207 854 364 934 ἐξόλειψόν
396 879 431 934 με
463 855 495 917 ἐτι
527 866 580 936 τῆς
609 856 715 935 βίβλου
743 847 781 934 ἧς
807 855 948 936 ἔγραψας.
994 855 1045 917 καλ
1071 850 1133 918 εἷπε

117 954 223 1036 πόριος
239 954 315 1034 πρὸς
328 957 483 1033 Μωὰσῇν·
502 954 533 1016 εἴ
546 977 590 1028 τις
607 952 737 1034 ἥμαρτεν
754 952 883 1023 ἐνώπιόν
901 976 970 1033 μου,
988 953 1133 1031 ἐξαλείψω

115 1052 210 1114 αὐτὸν
237 1051 270 1114 ἐκ
296 1061 348 1132 τῆς
374 1053 481 1132 βίβλου
509 1073 576 1130 μου.
621 1049 692 1112 νυνὶ
719 1048 751 1112 δὲ
778 1051 877 1131 βὰὃιζε
904 1049 954 1112 καλ
981 1049 1132 1133 ὁδηγησον

116 1149 171 1211 τὸν
193 1149 266 1211 λαὸν
293 1159 398 1211 τοῦτον
425 1149 467 1222 είς
493 1149 545 1211 τὸν
572 1147 665 1210 τόπον
688 1145 724 1209 όν
746 1149 850 1229 είρηττὰ
872 1165 929 1229 σοι,
952 1147 1002 1210 τιαλ
1024 1148 1092 1210 ι’δοὰ
1115 1147 1132 1210 ἁ

114 1245 238 1329 ἁγγελός
264 1271 323 1328 μου
350 1247 581 1329 προπορεόσεται
606 1245 665 1327 πρὸ
693 1246 855 1328 προσώπου
877 1263 941 1307 σου.
986 1234 1006 1332 ᾖ
1034 1241 1063 1307 δ’
1093 1245 1131 1309 ἁν
1145 1271 1173 1312 ιο

117 1343 214 1429 ἡμέργ
231 1343 458 1425 ἐπισιτίπταμαι,
476 1344 574 1418 ἐπάξω
592 1338 638 1406 ἐπ’
660 1343 769 1418 αὐτοὺς
786 1343 842 1422 την
861 1341 1006 1426 ἁμαρτίαν
1024 1344 1131 1406 αὐτῶν.

113 1441 167 1504 καὶ
188 1441 311 1516 ἐπάταξε
333 1443 436 1524 πόριος
458 1441 511 1503 τόν
528 1442 601 1504 λαὸν
618 1440 757 1524 περὶτῆς
775 1441 921 1520 ποιήσεως
939 1451 991 1504 τοῦ
1011 1442 1132 1524 μόσχου,

114 1533 154 1602 οὰ
176 1539 315 1619 ἐποίησεν
334 1534 457 1622 Ἀαρών.
504 1541 548 1600 ωε
570 1541 673 1601 τοίνυν
696 1540 876 1622 χρηστότητα
897 1538 948 1602 καλ
965 1538 1131 1620 ἀποτομίαν

114 1645 193 1700 θεοῦ
214 1637 289 1698 κατὰ
311 1637 363 1698 τόν
385 1636 581 1720 χριστοψόρον
602 1637 653 1700 τιαλ
675 1643 773 1719 γνῶθι
795 1647 910 1718 σαφῶς,
933 1637 978 1699 ότι
999 1639 1130 1719 φοβερὸν

115 1734 209 1808 όντως
241 1735 274 1796 τὸ
306 1735 440 1815 ἐμπεσεῖν
467 1735 509 1808 είς
536 1741 634 1815 χεῖρας
663 1741 739 1798 θεοῦ
767 1738 874 1810 ζῶντος
901 1735 951 1796 παλ
977 1735 1131 1818 ἀμήχανον
1145 1759 1171 1800 ιι

114 1833 259 1914 ἐκφυγεῖν
282 1833 351 1906 τοὺς
373 1832 554 1912 ἐπταικότας,
577 1832 761 1913 ἁμετανόητα
784 1833 952 1914 δήπουθεν,
974 1834 1029 1913 τὴν
1052 1833 1131 1896 ἔνδι-
1217 1909 1222 1915 ¹

113 1953 170 1992 τιον
201 1929 252 1991 τιαλ
282 1928 443 1992 ἀδέκαστον
474 1931 564 1991 θείαν
590 1932 693 2012 δίκην,
723 1931 751 1994 εί
776 1930 825 1993 καλ
854 1927 923 2012 [μη]
953 1942 1131 2013 παραχρῆμα

113 2028 227 2108 ταύτην
258 2027 315 2089 οὐκ
340 2027 460 2109 ἐπάγει,
491 2027 595 2102 καθὼς
629 2027 821 2110 ἐναργέστατα
853 2028 903 2090 ὃιὰ
934 2030 1131 2109 βραχυλογίας

113 2125 328 2188 ἀποδέδεικται.
374 2125 446 2187 ὥστε
469 2127 574 2188 λοιπὸν
596 2126 824 2208 ἁναμψήριστόν
847 2125 935 2206 ἐστιν,
959 2124 999 2210 ὡς
1022 2123 1129 2207 ὀγδοη-

112 2225 297 2306 ιιοντήμερον
315 2223 422 2304 ἐφεξῆς
440 2223 580 2298 ἀπόσιτος
598 2224 657 2303 ἐφυ
675 2223 919 2306 θεοφορούμενος
937 2221 953 2284 ὃ
972 2221 1129 2298 θεσπέσιος
1143 2245 1171 2287 ιο

113 2321 191 2403 ἀνὴρ
223 2315 310 2395 οὰτος
341 2321 391 2382 καλ
422 2321 628 2403 ἐνισγυόμενος
660 2321 692 2383 ἐν
719 2320 816 2405 ἐκείνη
848 2329 883 2406 τη
911 2325 1004 2406 πολλῇ
1028 2338 1129 2410 προσ-

187 2507 220 2556 13
238 2501 318 2556 Rom.
335 2508 377 2570 11,
396 2507 438 2556 τι.
458 2534 493 2543 -
513 2508 546 2556 14
564 2501 648 2556 Hebr.
665 2507 707 2570 10,
722 2507 764 2556 31.

186 2667 202 2715 2
221 2669 313 2732 μπσῆς
327 2661 382 2717 OF.
400 2695 433 2702 —
452 2667 468 2714 ό
488 2662 571 2731 ἁφελς
584 2661 688 2716 AFGR
707 2661 784 2731 ἁφῆς
797 2661 931 2716 ΒΟΒΙΝ
949 2657 1025 2732 ἀφῆς
1043 2661 1072 2717 P.
1094 2694 1128 2702 -

113 2735 208 2788 αὐτῶν
222 2751 273 2788 ουτ.
287 2733 424 2788 ABPLM.
438 2765 475 2773 —
489 2738 505 2786 6
519 2733 589 2802 κάμὲ
603 2733 630 2786 Ν
635 2733 668 2788 R.
684 2765 717 2774 -
734 2740 767 2788 10
781 2734 985 2802 προπορεόεται
1000 2733 1077 2789 OLP.
1094 2765 1128 2774 —-

114 2812 147 2859 11
168 2803 367 2874 ἐπισκέπτομαι
386 2804 538 2874 (ἐπισκόπτ.
557 2805 592 2875 P)
609 2804 723 2858 ABFW
748 2804 935 2876 ἐπισκέψομαι
954 2809 1052 2876 (αμαι
1070 2805 1127 2875 LR)

112 2875 203 2930 LMR.
228 2907 263 2917 —
287 2882 321 2931 14
344 2875 417 2930 κατὰ
435 2885 490 2931 τῶν
507 2874 701 2946 γριστοφόρων
720 2876 743 2929 Β
766 2875 838 2930 κατὰ
860 2886 917 2931 τῶν
935 2875 1128 2946 χριστοψόνων

111 2947 164 3002 FN
177 2964 228 3002 οτι.
240 2945 299 3002 GL.
310 2980 343 2987 —
360 2953 392 3001 17
407 2946 444 3016 μὴ
458 2949 538 3002 αυαζτ
551 2949 660 3002 ἐπαίτιοι.
685 2964 735 3002 ουτ.
750 2947 805 3001 PR.
817 2979 851 2988 —-
870 2954 902 3002 13
918 2951 969 3001 ουκ
983 2965 1033 3002 ουτ.
1044 2947 1127 3002 AFN.

112 3051 148 3061 —
163 3018 252 3088 ἐπὰγη
268 3017 315 3072 GL
329 3018 457 3089 ἐπαγὰγη
472 3018 494 3071 Β
509 3017 648 3089 ἐπήγαγεν
663 3018 695 3072 R.
712 3051 745 3058 —
760 3020 858 3080 καθὼς
872 3019 921 3072 καί
935 3018 1028 3088 ἐναργ.
1042 3017 1077 3072 N.
1093 3050 1126 3057 —

114 3095 148 3144 19
169 3089 435 3160 όγὰοηνονθήμερον
448 3088 589 3144 BDPGM
606 3096 632 3144 τί
644 3088 667 3143 Ρ
680 3094 744 3144 m.2
764 3089 937 3158 ὀγδοήκοντα
956 3088 1082 3158 θήμερον
1101 3088 1128 3142 Η

111 3161 147 3216 π’
162 3160 268 3230 ἡμέρας
285 3162 318 3214 R.
338 3194 372 3201 —
396 3167 430 3214 20
448 3161 714 3231 θεοφρουροόμενος
732 3161 796 3215 NW
814 3179 864 3216 om.
882 3162 911 3215 F.
932 3192 965 3200 -
989 3165 1022 3214 21
1042 3177 1127 3228 προσ-

113 3231 196 3307 εδρίᾳ
213 3232 329 3286 BPNW
350 3229 488 3307 προεδρίᾳ
506 3232 539 3287 R.

185 3389 202 3437 4
221 3379 304 3448 οὗτος
321 3401 372 3439 om.
386 3383 416 3438 P.
432 3416 465 3424 —
486 3389 501 3437 7
519 3382 678 3453 ἡμάρτηκεν
692 3381 773 3437 PEx.
789 3415 822 3423 —-
843 3389 874 3437 11
896 3383 926 3438 ἐν
945 3382 1041 3444 αὐτοῖς
1059 3398 1126 3438 corr.

112 3472 148 3510 επ
166 3455 303 3524 ἐμαυτοὰς
320 3473 355 3510 m.
374 3459 393 3510 2
411 3461 443 3509 αλ
460 3455 515 3510 m'd.
534 3454 565 3508 P.
585 3485 618 3493 —
643 3455 744 3510 αὐτῶν.
777 3449 838 3509 εἶτα
857 3454 996 3526 ἐπήγαγεν
1020 3453 1034 3508 ὁ
1054 3453 1128 3522 λερὸς

111 3525 194 3596 λόγος
211 3525 310 3596 λέγων·
331 3528 379 3580 καλ
399 3525 476 3581 ἐπὰτ.
492 3526 522 3579 Ρ.
541 3556 576 3565 -
597 3530 630 3578 16
649 3525 741 3593 δήπου
758 3524 787 3579 Ρ.
808 3558 841 3565 -
862 3531 894 3580 19
914 3524 1128 3594 ἁναμφήριστον

111 3602 182 3654 m.2
199 3604 231 3652 αλ
248 3599 303 3666 vid.
322 3615 356 3652 ex
374 3616 465 3666 -ριτου
483 3597 513 3650 P.
