2617 3909
520 251 723 303 PRAEFATIO
1014 255 1129 304 LXXIX

106 400 269 460 chronicon
291 401 324 457 in
348 402 492 475 quattuor
509 400 614 460 divisit
636 400 738 475 libros,
762 420 889 476 quorum
912 402 1057 461 secundus
1076 404 1130 462 ubi

106 490 205 549 denuo
225 489 261 548 de
275 489 393 549 Adamo
407 508 529 549 narrare
544 488 689 568 Georgius
702 491 819 567 incipit,
837 491 945 550 tertius
960 510 979 550 a
993 490 1128 567 Caesare,

107 581 233 655 quartus
257 596 276 637 a
301 577 496 637 Constantino
515 578 626 655 Magno
645 579 799 638 exordium
817 582 917 640 sumit.
953 580 1037 639 Idem
1055 581 1128 640 lem·

105 667 197 728 matis
211 686 289 745 quae
307 670 340 727 in
358 667 443 727 libris
457 667 628 743 Musquensi
645 668 774 743 aliisque
786 668 1002 729 recentioribus
1015 672 1129 746 partim

105 760 137 816 in
167 757 301 817 textibus
328 759 441 834 purtim
469 760 538 816 ante
570 760 670 817 textus
701 758 734 815 in
764 757 913 818 indicibus
943 762 1063 818 exstant
1090 760 1128 817 ad

105 847 208 923 capita
240 845 453 925 distinguenda
484 864 555 905 usus
588 848 641 905 est.
696 846 803 907 Libros
836 850 937 906 autem
972 848 1041 909 illos
1074 868 1127 908 suo

105 936 232 995 arbitrio
255 935 303 996 vir
321 936 427 996 doctus
445 935 595 1011 distinxit3
618 955 716 1011 neque
734 936 814 995 enirn
832 937 912 997 ullus
931 936 1022 997 codex
1040 956 1128 997 voca·

104 1025 176 1085 bulo
204 1024 328 1104 Βιβλίον
360 1028 406 1085 est
432 1043 517 1099 usus,
547 1044 644 1101 neque
676 1026 709 1083 in
739 1028 883 1101 quattuor
914 1028 1016 1103 partes
1048 1028 1128 1085 ullus

105 1114 267 1174 chronicon
285 1114 397 1174 divisit.
434 1114 470 1173 In
488 1114 639 1191 plerisque
659 1117 760 1173 tamen
777 1114 906 1175 maiores
924 1118 1026 1191 partes
1045 1116 1127 1176 varie

105 1204 344 1281 distinguuntur,
366 1206 399 1262 in
417 1203 485 1263 eliis
508 1203 754 1280 inscriptionibus
772 1205 891 1281 magnis
914 1206 945 1263 et
967 1206 1126 1281 picturatis

104 1295 159 1352 aut
182 1294 365 1353 ornamentis
389 1294 460 1352 anto
477 1294 594 1352 textum
610 1294 740 1368 incertis,
762 1292 795 1351 in
818 1294 886 1353 aliis
904 1292 1001 1352 veluti
1023 1293 1056 1353 in
1068 1294 1130 1351 PV

105 1386 135 1442 et
158 1402 193 1441 ex
215 1385 303 1458 parte
325 1384 358 1439 in
380 1383 413 1441 D
434 1382 566 1441 numeris
589 1384 622 1440 in
644 1384 781 1459 margine
804 1382 973 1459 adscriptis,
997 1401 1126 1459 quarum

103 1471 195 1533 series
222 1470 387 1530 identidem
414 1470 452 1530 ab
476 1468 641 1531 dinumero
664 1471 821 1548 incipiunt.
868 1471 906 1530 ln
933 1472 996 1532 solo
1019 1471 1051 1531 B
1074 1472 1127 1531 ad-

103 1560 225 1637 scriptis
244 1563 375 1620 numeris
388 1560 500 1638 viginti
514 1563 660 1636 quattuor
675 1564 778 1637 partes
794 1561 1030 1639 distinguuntrr,
1050 1580 1126 1638 quae

103 1670 173 1710 cum
195 1652 331 1725 ipsarum
353 1669 453 1709 rerum
476 1652 630 1727 gestanrm
652 1650 781 1710 historia
802 1652 926 1710 minime
949 1653 1125 1728 conmuni.

2 1790 3 1825 ἦ
102 1741 133 1798 Ρ
152 1758 261 1799 novem
294 1739 412 1799 exhibet
440 1741 542 1816 partes
575 1738 692 1798 ambitu
724 1739 804 1799 inter
833 1759 864 1800 se
901 1739 1126 1815 dissimillimas,

1 1828 3 1903 j
103 1848 233 1905 quarum
255 1829 354 1904 prima
381 1827 513 1905 praefixa
538 1830 605 1905 ipso
633 1829 773 1889 chronico
802 1829 986 1889 collectanea
1008 1830 1126 1905 mytho-

101 1918 202 1997 logice
221 1919 252 1976 et
270 1918 527 1994 pseudohistorica
541 1920 683 1993 continet,
702 1917 831 1977 secunda
849 1920 1010 1978 chronicon
1026 1920 1127 1995 ipsum

102 2026 198 2083 usque
222 2006 261 2066 ed
283 2007 416 2066 iudicum
434 2006 630 2066 Judaicorum
648 2009 788 2083 aetatem,
811 2009 903 2066 tertia
922 2008 959 2067 de
975 2007 1125 2067 iudicibus

102 2096 253 2171 «Iudaicis,
281 2099 390 2172 quarta
417 2096 454 2156 de
480 2096 600 2175 regibus
628 2096 777 2171 Judaicis‚
807 2097 914 2172 quintu
941 2096 978 2155 de
1004 2096 1125 2174 regibus

101 2186 288 2259 Israeliticis‚
305 2188 390 2246 sexta
403 2185 439 2245 de
457 2185 578 2265 regibus
592 2185 784 2261 Babylonicis
803 2188 834 2245 et
847 2184 984 2259 Persicis,
997 2188 1125 2261 septima

101 2276 140 2334 de
153 2274 319 2334 Alexandri
331 2274 437 2352 Magni
450 2274 668 2335 successoribus
682 2274 756 2353 agit,
775 2277 882 2334 octava
897 2277 927 2334 ct
944 2293 1025 2333 nona
1038 2276 1125 2351 purte

100 2365 231 2423 historia
253 2364 469 2441 imperatorum
492 2364 695 2427 Romanorum
723 2364 910 2423 ethnicorum
933 2366 964 2422 et
989 2364 1125 2423 christia·

101 2473 209 2513 norum
234 2454 411 2512 continetur.
447 2452 484 2511 In
504 2454 533 2513 V
552 2455 613 2512 tres
631 2456 752 2512 tanturn
769 2456 871 2530 partes
889 2452 1125 2531 distinguuntur,

102 2562 232 2619 querum
254 2544 352 2618 prima
371 2561 439 2601 cum
460 2543 559 2618 prima
582 2543 692 2602 codicis
710 2542 740 2599 P
759 2546 845 2619 purte
864 2544 1011 2621 congruit,
1033 2545 1125 2603 tertia

100 2633 318 2709 imperatorum
337 2631 540 2691 Romanorum
563 2634 698 2691 omnium
715 2629 882 2706 historiam,
905 2632 1034 2691 secunda
1055 2633 1125 2691 reli-

102 2740 194 2797 quam
217 2723 376 2780 materiem
399 2721 539 2781 continet.
585 2720 621 2779 In
644 2722 677 2779 D
700 2721 737 2780 ab
767 2720 855 2781 initio
878 2721 998 2780 demum
1019 2740 1125 2800 rogum

101 2811 339 2871 israeliticorum
361 2811 480 2869 numeri
498 2810 643 2887 adscripti
666 2812 737 2870 sunt
755 2829 790 2869 eo
815 2830 834 2870 a
855 2810 927 2869 libri
944 2811 974 2869 P
992 2813 1123 2869 numeris

101 2900 222 2976 diversi,
246 2899 328 2975 quod
349 2898 510 2960 Persarum
536 2918 621 2976 reges
644 2899 775 2976 propriis
797 2901 929 2959 numeris
957 2899 1124 2977 significan-

99 2992 160 3069 tur,
182 2988 348 3047 Alexandri
376 3007 565 3063 successores,
590 3008 719 3065 quorum
745 2989 873 3049 historia
899 2990 1125 3065 inscriptionem

97 3072 187 3159 Ἀρχὴ
211 3086 265 3156 τῆς
287 3084 347 3137 τῶν
364 3071 518 3154 Ἑλλήνων
541 3077 691 3155 βασιλείας
713 3078 818 3153 habet,
840 3078 942 3137 ultimi
964 3076 1124 3135 Persarum

99 3170 180 3248 regis
213 3184 337 3226 numero
368 3168 428 3244 ipsi
460 3186 578 3244 quoque
609 3170 814 3227 numerantur.
864 3166 1058 3243 Distinguere
1090 3168 1124 3223 ut

101 3258 212 3317 codicis
236 3257 266 3315 P
289 3256 430 3316 librarius
458 3259 523 3334 ipse
551 3256 707 3330 constitui,
739 3276 806 3315 curn
835 3258 906 3332 quia
937 3273 1048 3332 magna
1078 3258 1125 3314 est

99 3347 182 3407 illius
207 3347 385 3420 auctoritas,
416 3348 482 3405 turn
506 3346 578 3421 quia
605 3346 635 3403 in
665 3345 802 3405 omnibus
829 3345 928 3418 libris,
955 3346 988 3402 in
1015 3344 1123 3419 quibus

99 3435 265 3496 maioribus
279 3435 524 3511 inscriptionibus
533 3435 582 3494 vel
592 3436 774 3494 ornamentis
784 3434 989 3511 distinguitur,
1003 3433 1124 3493 eaedem

99 3526 162 3585 fere
186 3526 382 3585 inveniuntur
405 3524 518 3584 divisae
541 3527 658 3600 partes,
688 3526 825 3600 quamvis
847 3542 908 3581 non
930 3524 963 3581 in
987 3522 1123 3581 omnibus

99 3633 204 3675 omnes
218 3614 428 3691 inscriptiones
438 3615 596 3690 supersint.
624 3612 661 3671 In
671 3612 759 3671 huius
770 3612 864 3690 igitur
878 3611 1014 3670 familiae
1022 3610 1122 3670 codice

363 3838 378 3879 Ι
