2617 3909
195 223 259 288 218
509 213 698 278 ααοεετοε
714 226 897 280 υοαιεου

195 382 234 460 τῷ
254 381 317 457 θεῷ
341 374 391 436 διὰ
414 382 467 454 τῆς
489 383 608 455 γραφῆς
631 372 756 455 λέγοντι·
780 371 797 434 δ
820 372 908 435 ἐλεῶν
934 373 1052 454 πτωχὸν
1074 376 1137 457 θεῷ
1158 375 1209 434 δα-

84 513 85 518 1
195 474 289 548 νείζει.
334 471 402 533 ίδού
429 471 484 553 γάρ
512 471 545 534 ἐν
571 478 610 557 τῷ
635 480 694 533 νῦν
721 471 808 534 αἰῶνι
835 471 1021 551 ἕξεπλήρυσά
1048 486 1096 533 σοι
1118 476 1210 533 πολυ-

195 570 340 631 πλασίονα
366 565 441 649 ὑπὲρ
470 559 512 630 ὧν
539 567 691 642 ἐδάνεισάς
718 592 777 650 μοι.
822 569 873 630 καλ
899 569 927 630 εί
952 569 1099 643 πιστεύεις
1126 570 1209 654 λήψη

97 719 101 729 .
188 667 245 730 ’καλ
268 666 300 729 ἓν
322 673 362 752 τῷ
382 665 515 746 μέλλοντι
537 671 668 729 πλοῦτον
690 666 921 749 ἀνυπέρβλητον.
967 665 1018 728 καλ
1041 664 1058 727 δ
1082 664 1138 747 μὲν
1160 666 1209 748 ἀρ

169 766 306 848 εχιερεὺς
328 764 363 825 τά
383 762 590 846 διατεταγμένα
607 765 704 826 πάντα
722 765 865 844 πεποίηκε
882 765 957 858 πρὸς
974 765 1027 828 τδν
1046 763 1210 847 ἀνθρωπον

194 863 244 925 καί
267 864 432 944 λελάληκεν,
455 860 472 924 6
495 860 527 924 δὲ
550 861 681 938 ἀκούσας
703 861 754 924 καλ
776 862 917 945 ἔντρομος
936 863 1096 945 γενόμενος
1114 863 1209 926 πάντα
1286 866 1292 884 ’

195 961 283 1037 ἐάσας
309 959 341 1023 ἓν
369 969 407 1046 τῷ
431 968 493 1046 ναῷ
518 960 643 1042 ἐξῆλθεν
670 961 848 1042 εὐχαριστῶν
866 960 926 1023 ’καλ
947 961 1095 1023 πιστεύων
1118 963 1210 1047 κνρίφ

174 1059 245 1137 ,καί
267 1059 302 1121 τά
324 1059 358 1122 ἐν
380 1069 414 1145 τῇ
438 1060 508 1144 θείμ
530 1067 631 1144 γραφῇ
655 1059 752 1120 πάντα
774 1057 1007 1140 διηγορενμὲνα.·

504 1233 572 1318 [ιβ’.
605 1235 693 1318 Περὶ
713 1230 904 1318 Ἀμεσίου]

156 1385 182 1424 εο
263 1362 351 1425 Μετδι
383 1360 415 1423 δὲ
444 1354 527 1435 Ἰοοδις
558 1361 745 1440 ἐβασίλευσεν
770 1356 905 1440 Ἀμεσίας
936 1361 1003 1435 υίὸς
1035 1361 1130 1424 αὐτοῦ
1163 1361 1211 1422 καὶ

195 1460 313 1539 ἐποίησε
345 1461 378 1522 τὸ
410 1457 499 1533 εύθὲς
531 1457 659 1520 ἐνώπιον
690 1460 797 1540 κυρίου
829 1457 880 1520 καί
908 1456 1031 1533 ἐπάταξε
1059 1456 1213 1539 μὲντοὺς

195 1559 400 1638 φονεύσαντας
422 1558 473 1620 τὸν
501 1556 611 1638 πατέρα
639 1556 747 1636 αύτού,
774 1557 844 1630 τοὺς
867 1554 899 1618 δὲ
924 1557 1011 1630 υἱούς
1033 1556 1134 1618 αύτῶν
1158 1557 1213 1619 ούκ

195 1655 364 1717 ἐθανάτωσε
396 1655 446 1716 διά
478 1655 510 1717 τὸ
542 1655 724 1736 γεγράφθαι
754 1654 810 1716 οὐκ
837 1653 1064 1717 ἀποθανοῦνται
1092 1654 1213 1736 πατέρες
1290 1705 1292 1731 ,

195 1752 269 1836 ὑπὲρ
292 1753 369 1814 υἱῶν
396 1751 463 1814 οὔτε
490 1751 552 1814 υἱοὶ
579 1750 653 1833 ὑπὲρ
681 1749 829 1833 πατέρων,
857 1746 919 1813 ἀλλ’
945 1749 1066 1826 ἕκαστος
1094 1752 1127 1814 ἕν
1150 1759 1213 1826 ταῖς

156 1873 181 1912 15
195 1849 350 1932 ἁμαρτίαις
377 1851 468 1913 αὐτοῦ
500 1848 704 1912 ἀποθανεῖται.
749 1849 800 1911 καὶ
826 1849 942 1932 ἐσφάγη
971 1847 1004 1911 ἕν
1030 1856 1070 1935 τῷ
1094 1850 1213 1937 πολέμφ

197 1949 372 2030 βασιλεύσας
395 1949 444 2029 ἔτη
468 1945 532 2009 κθ’.

263 2047 320 2110 Διὸ
344 2047 381 2126 δή
406 2063 500 2126 φησιν
523 2045 539 2108 6
563 2051 647 2119 θεῖος
670 2047 757 2128 λόγος
779 2045 811 2106 ἐν
834 2052 898 2120 ταῖς
921 2043 1129 2119 ἀποστολικαῖς
1148 2048 1213 2108 δια-
1290 2042 1291 2049 ¹

196 2147 323 2220 τάξεσιν·
356 2143 476 2219 ἕκαστος
512 2142 579 2225 περί
615 2142 722 2206 ἑαυτοῦ
741 2156 742 2159 ’
759 2143 987 2226 ἀπολογήσεται,
1018 2143 1069 2206 καί
1101 2144 1138 2206 ού
1172 2145 1213 2224 μὴ

197 2241 384 2327 συναπολύσῃ
408 2241 424 2305 6
447 2242 519 2316 θεὸς
541 2241 593 2303 τὸν
617 2243 735 2304 δίκαιον
756 2241 827 2322 μετὰ
845 2241 962 2324 ἀδίκου,
985 2241 1047 2304 ἐπεὶ
1065 2242 1120 2325 γάρ
1139 2238 1211 2325 παρ’

157 2364 183 2403 το
194 2340 276 2426 ἀύτῷ
295 2341 327 2403 τὸ
351 2339 558 2422 ἀναμάρτητον
580 2337 774 2420 ἀτιμώρητον.
811 2337 878 2402 ούτε
895 2340 952 2423 γὰρ
970 2339 1022 2402 τὸν
1040 2344 1112 2402 Νῶε
1130 2340 1214 2402 κατέ-

196 2445 313 2518 κλυσεν,
336 2435 403 2499 ούτε
421 2438 473 2501 τὸν
491 2437 563 2500 Λὼτ
585 2437 770 2519 κατέφλεξεν,
794 2436 861 2500 ούτε
879 2437 940 2519 μὴν
958 2438 1014 2518 την
1028 2431 1118 2518 Ῥοιδιβ
1140 2456 1213 2500 συν-

269 2640 302 2688 13
324 2633 406 2689 Deut.
431 2637 606 2706 24,18(16)
634 2638 669 2704 cf.
688 2636 818 2689 Anastas.
839 2634 902 2703 Sin,
924 2633 1037 2699 Quaest.
1056 2640 1091 2688 35
1115 2635 1214 2706 Migne

196 2706 411 2832 Effgtggmffllss
418 2706 510 2831 lAfflss
512 2712 722 2831 B17-1)
656 2712 722 2775 219,
736 2710 771 2760 20
793 2705 885 2760 const.
905 2706 1002 2775 Apost.
1021 2705 1060 2774 H,
1081 2711 1128 2774 14,
1144 2714 1214 2762 box

268 2945 282 2992 1
303 2935 422 3003 δανείζει
435 2941 495 3010 θεῷ
509 2937 690 2993 ΑΒΕῚιΒλ-
710 2943 726 2992 2
744 2932 963 2992 πολυπλασίονα
977 2937 1003 2991 A
1019 2937 1214 2993 πολοπλάσιον

197 3009 215 3064 δι
235 3009 255 3064 C
277 2991 512 3071 πολυπλασίωςΒ
535 3007 762 3064 πολλαπλασίονα
780 3007 917 3062 Πάλ-
940 3015 957 3062 ὅ
975 3027 1069 3063 πάντα
1090 3007 1128 3063 τά
1150 3011 1214 3062 δια-

184 3079 348 3151 ’τεταγμένα
366 3080 535 3135 BLRV.—
561 3086 576 3134 ’ί
594 3101 631 3152 τω
651 3101 703 3150 κυρ
706 3079 738 3153 ίφ
756 3079 814 3133 DH
836 3083 875 3154 τῷ
892 3083 953 3153 θεῷ
967 3079 1062 3133 Μ.
1087 3085 1121 3134 10
1143 3080 1216 3143 ίωᾶς

196 3103 277 3206 FPRy
290 3152 358 3215 ίωᾶς
376 3152 501 3205 ΗΜ-
526 3158 558 3206 11
577 3134 628 3220 μὲν
651 3168 702 3206 ουτ.
720 3135 884 3205 CFLExcc
903 3134 942 3204 (λε’
957 3150 1098 3205 insid.—
1124 3157 1157 3205 17
1178 3151 1215 3218 δή

197 3241 246 3280 om.
267 3223 374 3278 GNRV
396 3241 430 3277 ιιι.
450 3229 466 3278 1
489 3241 544 3294 εγν
563 3241 587 3278 υ.
611 3223 752 3277 621⁴*-
777 3226 810 3275 18
833 3222 898 3289 περί
921 3223 1008 3276 αὐτοῦ
1031 3221 1119 3276 HMV
1140 3223 1214 3290 ὑπὲρ

197 3295 298 3350 ἑαυτοῦ
321 3296 414 3348 Δ.-
445 3301 477 3349 19
501 3291 682 3349 συναπολέσει
704 3295 854 3363 (συναπωλ.
873 3292 933 3362 AB)
955 3293 1113 3348 ABDFRV
1141 3295 1215 3348 ἀπο-

197 3363 260 3436 λέσῃ
274 3365 311 3419 Μ.
327 3397 361 3406 -
381 3365 448 3434 μετὰ
466 3373 517 3420 τοῦ
536 3363 638 3420 ἀδίκου
654 3364 718 3418 NR.
734 3397 768 3405 —
788 3364 834 3419 ἐπὶ
852 3363 905 3434 γάρ
920 3364 968 3417 ΑΒ
988 3361 1101 3433 ἐπείπερ
1117 3363 1214 3419 const.

253 3535 285 3652 26
304 3531 353 3650 ιλιαλ
370 3529 463 3651 κράνεα
482 3531 510 3584 P.
531 3563 564 3571 —
588 3535 622 3584 20
647 3530 847 3601 συγκατέκλεισε
859 3565 890 3572 -
903 3538 936 3586 21
961 3531 1163 3603 συγκατέφλεξε
1183 3535 1215 3588 Ρ.

200 3630 232 3638 —
321 3619 358 3652 ωτ
401 3642 406 3652 .
