2617 3909
558 240 746 291 xpomon
1120 239 1162 304 59

148 387 235 461 ύλαις
253 385 414 468 ἀγάλματα,
433 381 498 448 οὐδ’
515 388 548 448 οἱ
563 387 643 469 παρὰ
661 391 797 467 ποιηταῖς
815 388 1073 470 μνθολογούμενοι
1086 389 1163 462 Ζεύς

148 483 200 544 καί
219 477 370 546 Ἀπόλλων
396 483 446 544 καὶ
469 485 501 545 οί
519 483 618 545 λοιποί
639 478 699 546 είεν
720 471 844 565 άληθῶς
866 487 947 567 θεοί,
976 485 1015 560 ὣς
1039 486 1054 549 ό
1077 488 1164 569 λόγος

148 580 315 663 ἀπέδειξεν,
342 581 415 644 ἀλλὰ
437 581 473 642 τδι
495 580 548 662 μὲν
571 581 670 644 αὐτῶν
693 582 766 666 μέρη
793 595 846 665 τῆς
868 585 986 658 κτίσετός
1009 585 1101 665 ἐστιν,
1129 585 1164 645 τότ

148 678 183 741 δὲ
210 678 315 760 ἀψυχα
341 680 490 762 τυγχάνει,
519 679 554 740 τὰ
582 677 614 740 δδ
641 679 735 758 μόνον
762 679 918 764 άνθρωποι
945 682 1054 763 θνητοί
1081 683 1164 764 γεγό-

149 795 239 840 νασιν
261 775 282 857 ἢ
304 777 496 858 ὑπάρχουσιν.
541 778 569 839 εἰ
590 779 693 840 τοίνυν
717 778 787 853 τοὺς
814 779 893 861 παρὰ
921 787 1056 860 ποιηταῖς
1083 786 1164 861 λεγο-
1191 800 1213 842 5·

148 875 261 957 μόνους
283 875 376 949 θεοὺς
403 874 459 936 ούκ
486 869 562 936 εἶναι
589 876 681 949 θεούς
703 875 921 958 ἀποδέδεικται,
948 877 1063 960 ἀνάγκη
1085 886 1165 938 πᾶσα

149 975 264 1036 τούτων
282 972 507 1054 ἀναιρουμένων
524 967 594 1056 παρ’
611 970 684 1054 ἡμῖν
702 974 806 1036 λοιπὸν
824 969 900 1036 είναι
914 975 968 1055 τὴν
982 973 1164 1056 θεοσέβειαν,

148 1071 268 1134 καὶτὸν
285 1066 356 1154 παρ’
372 1069 459 1150 ἡμῶν
475 1071 738 1152 προσκυνούμενον
755 1070 805 1133 καί
823 1071 1040 1151 κηρυττόμενον
1059 1082 1165 1134 τούτου

150 1169 246 1250 μόνον
269 1163 345 1230 εἶναι
367 1169 442 1231 θεὸν
464 1168 612 1250 ἀληθινὸν
638 1168 690 1230 καί
711 1170 809 1248 πάσης
830 1170 949 1242 κτίσεως
972 1167 1164 1250 δημιουργόν,

149 1266 204 1328 τόν
218 1265 259 1350 νἐν
280 1267 378 1349 τριάδι
400 1266 663 1348 προσκυνούμενόν
685 1287 715 1328 τε
737 1265 787 1328 καὶ
809 1265 1035 1348 λατρευόμενον,
1058 1259 1092 1339 δς
1114 1265 1164 1327 καὶ
1178 1290 1204 1330 10

150 1364 288 1426 καθόλου
314 1364 384 1438 τούς
406 1363 588 1446 ἀνθρώπους
614 1363 673 1426 άπδ
700 1373 753 1444 τῆς
778 1361 844 1448 περὶ
866 1364 900 1425 τό
923 1364 1029 1426 εἴδωλα
1051 1364 1165 1443 πλάνης

150 1461 203 1524 καί
225 1460 335 1544 ἀλόγου
358 1463 523 1540 φαντασίας
545 1460 669 1544 ἀπάγων
695 1461 746 1524 καί
771 1463 846 1544 πρὸς
867 1461 923 1542 τὴν
945 1461 1052 1524 ἑαυτοῦ
1077 1463 1165 1524 θείαν

150 1570 264 1643 γνῶσιν
286 1559 444 1641 ἐπανάγων
466 1552 558 1633 αύθίς
581 1577 687 1639 φησιν·
712 1560 767 1622 ούκ
785 1559 903 1623 ἔσονταί
918 1578 966 1622 σοι
988 1558 1056 1622 θεοί
1074 1558 1165 1643 ἕτεροι

150 1657 231 1737 πλὴν
253 1657 335 1738 ἐμοῦ.
375 1659 438 1719 καί·
460 1655 563 1738 άκουε,
582 1654 709 1741 Ἰσραήλ,
731 1659 833 1741 κύριος
857 1656 872 1719 ό
890 1659 963 1733 θεός
986 1677 1041 1721 σου
1063 1659 1166 1740 κύριος

150 1751 194 1830 εἷς
212 1755 298 1817 ἐστιν.
339 1757 402 1817 καί·
425 1756 530 1838 κύριον
548 1756 600 1818 τόν
617 1757 693 1819 θεόν
711 1773 765 1818 σου
784 1757 998 1839 προσκυνήσεις
1016 1755 1066 1818 καί
1084 1755 1164 1840 αύτῷ
1179 1777 1204 1818 ιε

150 1855 235 1938 μόνφ
258 1853 431 1935 λατρεύσεις.
476 1847 564 1927 ούτος
586 1846 642 1916 ούν
665 1863 700 1938 τῇ
723 1854 831 1916 ἑαυτοῦ
854 1853 1018 1940 σοφίηιηκαί
1042 1855 1166 1932 δυνάμει

149 1953 249 2014 πάντα
271 1950 403 2032 συνέχων
424 1950 475 2012 καί
493 1951 545 2024 τάς
562 1949 652 2033 ἀρχάς
671 1953 878 2030 διαφυλάττων
899 1954 997 2032 πάσης
1019 1953 1166 2032 αἰσθητῆς

151 2049 268 2129 ούσίας,
289 2050 375 2132 αἴπερ
393 2048 449 2111 είσί
470 2047 570 2131 θερμὴ
592 2048 643 2110 καί
660 2049 763 2132 ψυχρὰ
785 2049 835 2111 καί
853 2049 927 2132 ξηρά
948 2048 998 2111 καί
1015 2049 1102 2131 ὑγρά,
1124 2049 1166 2122 είς

145 2150 185 2210 ιὲν
204 2148 442 2230 συγκεραννύων,
461 2148 625 2226 σύμφωνον
643 2145 836 2210 ἀποτελοῦσιν
854 2145 1009 2228 ἁρμονίαν,
1031 2146 1081 2208 καί
1099 2143 1166 2208 ούτε

151 2245 186 2308 τό
208 2254 269 2326 πῦρ
296 2252 336 2330 τῷ
354 2251 461 2329 ψυχρῷ
485 2245 617 2326 μάχεται,
645 2243 712 2307 ούτε
740 2245 772 2307 τὸ
799 2243 892 2326 όγρδν
919 2251 957 2328 τῷ
982 2245 1061 2328 ξηρῷ
1085 2241 1166 2304 ἀντι·
1179 2265 1206 2306 ιο

149 2344 300 2424 τάσσεται,
332 2337 394 2404 ἀλλ’
420 2341 461 2416 ὡς
492 2344 566 2420 φίλα
596 2341 646 2404 κοιλ
674 2339 788 2421 ἀδελφά
814 2341 851 2402 τὰ
877 2336 949 2402 καθ’
975 2341 1063 2404 ἑαυτά
1095 2339 1166 2403 όντα

149 2441 272 2505 ἐναντία
299 2440 482 2503 συνελθόντα
503 2462 533 2502 τε
559 2440 610 2503 καί
638 2441 805 2520 φαινόμενα
832 2441 1011 2521 ζωογονούσι
1037 2437 1086 2500 καί
1112 2446 1165 2499 τοῦ

151 2533 312 2612 εἶναιτοῖς
335 2539 467 2618 στόμασιν
494 2537 580 2619 ἀρχαὶ
604 2540 751 2620 γίνονται,
779 2536 829 2599 καί
851 2538 946 2610 οὕτως
973 2536 1166 2622 αὑτῷπάντα

149 2636 318 2717 πειθόμενα
341 2636 378 2698 τὰ
405 2635 459 2716 μὲν
485 2635 534 2698 ἐπὶ
555 2646 612 2718 γῆς
634 2640 833 2718 ζωογονεῖται,
860 2635 895 2696 τά
918 2634 950 2698 δὲ
972 2634 1005 2697 ἐν
1028 2635 1167 2717 ούρανοῖς

152 2737 334 2798 συνίσταται·
362 2734 413 2796 καί
435 2732 455 2814 ἡ
478 2733 532 2814 μὲν
554 2735 691 2796 θάλασσα
713 2743 793 2794 πάσα
814 2731 865 2794 καλ
888 2732 903 2795 ό
927 2731 1016 2815 μίγας
1039 2730 1167 2804 ὠκεανὸς
1180 2752 1206 2794 ευ

227 2946 297 2996 5-9
315 2942 419 2995 Athan.
440 2943 489 2996 ολτ.
509 2943 608 3012 gentes
627 2946 663 2995 40
685 2940 781 3012 Migne
800 2940 875 2994 8013.
900 2971 933 2980 -
960 2941 1063 2995 10-14
1081 2935 1116 2993 ib.
1131 2943 1166 2992 45

152 3013 249 3083 Migne
260 3018 294 3066 89
305 3014 337 3066 D.
354 3046 387 3054 —
404 3019 437 3066 13
451 3012 538 3066 Exod.
549 3017 592 3081 20,
602 3018 627 3066 3.
641 3044 677 3052 -
693 3017 797 3066 14-16
811 3012 876 3066 Αλδι.
887 3013 922 3065 ib.
931 3016 965 3064 46
979 3010 1076 3078 Migne
1090 3015 1123 3062 92
1133 3009 1166 3060 A.

153 3084 338 3226 ἱερὲθθέχιχ
340 3090 400 3209 Ι13ς
423 3084 471 3138 Ev.
486 3084 587 3138 Matth.
608 3088 695 3152 4,10.
715 3115 750 3124 -
775 3088 875 3152 16—12.
895 3087 942 3149 ⁷0,
958 3087 973 3135 2
992 3080 1057 3135 Ath.
1076 3080 1112 3134 ι’ό.
1131 3084 1166 3132 42

226 3338 243 3386 3
261 3339 311 3401 τῆς
328 3349 379 3388 om.
394 3332 428 3386 N.
444 3365 477 3373 -
497 3339 514 3388 4
532 3331 681 3404 γεγόνασιν
699 3327 717 3400 ἢ
735 3329 920 3402 τυγχάνουσιν
937 3329 960 3383 Β
982 3327 1168 3399 τυγχάνουσιν

152 3400 171 3472 ἢ
194 3401 343 3474 γεγόνασιν
361 3405 393 3457 A.
414 3437 447 3445 —
473 3409 505 3458 16
529 3397 611 3468 οὗτος
629 3402 737 3458 DGPR
755 3408 781 3458 et
797 3402 824 3455 H
843 3408 908 3456 κι.1
928 3417 995 3456 corr.
1016 3417 1048 3455 ευ
1071 3398 1166 3464 ούτως.

153 3473 243 3537 ούτως
261 3473 321 3530 rell.
340 3475 400 3544 (καί
418 3474 541 3538 ούτωςΒ
559 3493 594 3529 m.
609 3481 625 3528 1
640 3490 708 3530 corr.
724 3491 758 3529 εκ
776 3474 824 3527 καί
842 3467 942 3543 οὗτος).
961 3504 994 3512 -
1015 3468 1101 3546 σοφίᾳ
1119 3471 1168 3525 καί

154 3545 274 3616 δυνάμει
292 3546 369 3600 BPR
388 3564 451 3616 σοφ.
470 3565 500 3600 τε
519 3547 567 3602 καί
586 3544 706 3615 δυνάμει
723 3543 783 3598 rell.
808 3575 841 3584 -
867 3548 908 3597 19.
921 3549 955 3598 20
975 3542 1038 3598 ούτε
1056 3546 1093 3614 τῷ
1111 3552 1169 3610 φυ-

152 3620 211 3691 χρῷ
230 3615 349 3688 μάχεται
366 3617 398 3671 τδ
416 3618 510 3687 πύρΒ
528 3618 560 3672 τό
579 3625 635 3685 πῦρ
654 3632 705 3672 ουτ,
720 3615 757 3668 Μ,
773 3647 806 3655 -
826 3619 860 3668 23
879 3613 973 3670 πάντα
992 3615 1067 3687 αύτῷ
1081 3611 1168 3665 ABG.
