2617 3909
183 237 249 301 224
493 238 680 290 Γυοευιου
697 238 880 290 nomo?

183 387 289 468 ἰχθύος
321 386 370 448 καί
402 392 498 465 τεμεῖν
531 385 623 448 αύτού
655 385 711 465 τὴν
737 385 863 469 γαστέρα
893 385 944 448 καί
974 390 1077 468 λαβεῖν
1107 387 1141 449 τό
1172 411 1203 448 τε

182 476 263 565 ἧπαρ
282 483 332 545 καί
350 484 405 563 τὴν
424 485 549 565 καρδίαν
568 483 618 546 καί
636 484 691 563 την
709 484 800 565 χολὴν
823 484 874 547 καί
892 486 1059 563 φυλάττειν.
1096 495 1151 547 τού
1169 485 1203 546 δὲ

182 581 417 662 πυνθανομένου
440 582 472 645 τό
492 582 637 664 χρήσιμον
655 581 764 662 αὐτῶν,
788 582 820 645 τὸ
839 580 893 661 μὲν
910 575 1002 665 ἧπαρ,
1026 584 1132 664 φησίν,
1150 583 1202 644 καὶ

182 677 202 759 ἡ
225 681 333 762 καρδία
355 681 534 761 θυμιώμενα
556 681 657 742 διώκει
678 681 834 760 δαίμονας,
857 678 877 760 ἡ
897 679 929 742 δέ
951 681 1024 761 χολὴ
1044 683 1201 764 καθαρίζει

156 779 362 857 τλευκώματα.
408 771 469 840 εἶτα
492 777 508 841 6
532 777 586 858 μέν
613 784 685 851 παῖς
712 779 855 858 λαμβάνει
882 777 937 858 τὴν
962 768 998 841 ἐκ
1017 789 1070 840 τοῦ
1093 779 1200 861 γε’νονς

181 874 275 936 αύτού
297 881 510 957 προλεχθεῖσαν
536 875 629 957 κόρην
656 875 699 948 είς
725 883 868 958 γυναῖκα,
895 886 930 962 τῇ
959 879 1129 962 συμβουλίᾳ
1150 878 1201 938 καὶ

182 975 321 1059 συνεργία
343 984 402 1057 τοῦ,
419 973 544 1057 ἀγγέλου
568 972 747 1055 διωχθέντος
774 982 828 1036 τού
855 974 998 1054 δαίμονος
1020 974 1052 1036 έν
1074 982 1116 1060 τῷ
1140 982 1200 1036 θν-

182 1072 303 1151 μιάματι
330 1073 439 1159 τούτῳ,
467 1071 483 1135 6
512 1070 544 1134 δέ
571 1069 692 1154 άγγελος
715 1070 731 1134 6
754 1071 804 1134 καὶ
825 1068 958 1154 Ἀζαρίας
988 1071 1130 1135 ἀπελθὼν
1157 1074 1200 1146 είς

182 1169 237 1249 τὴν
256 1171 399 1251 Μηδείαν
422 1169 472 1232 καί
495 1170 530 1231 τὰ
549 1167 573 1230 ι’
591 1171 719 1232 τάλαντα
741 1169 842 1250 λαβὼν
860 1169 1039 1252 ὑποστρέφει
1056 1171 1129 1252 μετὰ
1147 1182 1200 1233 τοῦ

143 1290 169 1330 ιο
182 1268 289 1342 παιδὸς
311 1268 361 1331 καί
384 1278 436 1349 τῆς
458 1269 601 1351 γυναικὸς
624 1268 717 1329 αὐτοῦ
740 1268 814 1349 πρὸς
832 1267 884 1330 τὸν
904 1267 1015 1350 πατέρα
1036 1271 1143 1350 Τωβίτ,
1162 1263 1199 1330 ού

181 1367 251 1440 τοὺς
274 1364 454 1447 ὀφθαλμοὺς
477 1364 493 1428 6
516 1373 587 1440 παῖς
614 1366 748 1448 ἐγχρίσας
769 1375 805 1451 τῇ
833 1369 904 1451 χολῇ
927 1376 982 1428 τοῦ
1004 1367 1126 1448 ίχθύος,
1149 1367 1200 1428 καί

181 1465 321 1545 παρευθύ
347 1464 442 1545 Τωβίτ
469 1463 657 1545 ἀναβλέψας,
684 1462 871 1546 ἐφανέρωσεν
899 1463 1004 1526 ἑαυτὸν
1027 1463 1044 1527 6
1066 1462 1200 1547 ἀγγελος,

182 1562 227 1623 ότι
250 1563 306 1624 ούκ
329 1561 491 1644 άνθρωπός
514 1562 603 1642 ἐστιν,
626 1561 700 1624 ἀλλά
720 1560 800 1644 παρὰ
817 1567 893 1623 θεοῦ
912 1561 1033 1643 άγγελος
1050 1561 1198 1642 ἀπεστάλη

182 1658 256 1740 πρὸς
278 1657 426 1739 βοήθειαν
448 1659 552 1732 αύτοῐς
574 1683 603 1721 τε
625 1659 677 1722 καὶ
703 1669 739 1744 τῇ
768 1661 843 1744 κόρη
865 1660 970 1745 Σάρρα
993 1658 1043 1721 διὰ
1065 1660 1122 1740 τὴν
1146 1661 1200 1723 αύ-
1291 1736 1292 1745 ¹

143 1745 168 1818 ιε
182 1766 242 1818 τῶν
278 1754 443 1837 εύσέβειαν,
476 1755 568 1839 λέγων
599 1757 674 1840 πρὸς
706 1758 826 1830 αὐτούς’
861 1758 1023 1839 μυστήριον
1055 1758 1200 1839 βασιλέως

182 1855 322 1936 κρύπτειν
358 1854 463 1935 καλόν,
500 1855 536 1916 τά
572 1854 605 1917 δέ
641 1856 711 1938 ἔργα
747 1857 853 1937 κυρίου
889 1855 1035 1936 ἀνυμνεῑν
1070 1856 1200 1931 ἐνδόξως
1291 1866 1292 1931 ἶ

182 1950 309 2034 ἀγαθόν.

240 2046 335 2112 Ὅθεν
358 2050 453 2130 φησίν
475 2050 491 2114 6
515 2051 738 2134 Χρυσόστομος·
762 2051 875 2114 ούκούν
893 2050 1035 2134 ἀγγέλους
1053 2052 1199 2134 έγκωμιά-
1291 2044 1292 2097 3

183 2151 242 2222 ζειν
264 2149 327 2232 χρή.
363 2147 414 2210 καί
436 2149 491 2231 γάρ
515 2148 600 2212 αύτοὶ
622 2149 675 2210 τὸν
697 2149 881 2233 δημιουργὸν
902 2148 1048 2232 ἀσιγύχτως
1065 2149 1198 2230 ύμνούν-
1291 2200 1292 2221 ,

144 2267 228 2320 νοτες
251 2247 337 2309 ἵλεων
359 2247 451 2309 αὐτὸν
473 2247 523 2309 καί
546 2247 654 2328 εὐμενῆ
678 2254 740 2321 τοῖς
761 2247 936 2329 ἀνθρώποις
958 2249 1198 2328 παρασκευάζου·

183 2361 238 2405 σιν.
284 2343 425 2427 ἀγγέλους
457 2344 490 2406 δέ
521 2368 600 2424 φημι
631 2346 713 2418 τοὺς
728 2343 887 2427 ἡμετέρους
914 2346 1100 2427 συμμάχους,
1128 2346 1198 2420 τούς
1291 2368 1293 2433 χ

181 2441 255 2503 κατά
278 2452 337 2504 τῶν
359 2441 569 2522 ἀντικειμένων
593 2444 750 2523 δυνάμεων
773 2443 1029 2524 έκστρατεύοντας,
1052 2436 1096 2505 ὧν
1119 2444 1197 2506 ἐστιν
1291 2480 1293 2529 ρ

183 2537 199 2600 6
231 2539 405 2622 ἀρχάγγελος
437 2541 562 2621 Μιχαὴλ
593 2541 668 2620 πρὸς
700 2540 754 2621 μέν
785 2539 837 2602 τὸν
868 2542 1010 2622 διάβολον
1041 2539 1118 2624 ὑπὲρ
1144 2552 1197 2604 τού

183 2637 319 2711 Μωσέως
355 2639 488 2718 σώματος
524 2638 782 2720 ἀντιτασσόμενος,
818 2639 893 2720 πρὸς
924 2636 957 2700 δὲ
988 2640 1041 2701 τόν
1072 2638 1197 2721 ἀρχοντα

255 2842 288 2891 15
303 2837 1197 2908 Tob12‚11.-1s-p225,..16111ysOrspuriainsynaxin
1291 2866 1293 2890 ι

184 2908 315 2978 archang.
335 2879 430 2978 Mign6
449 2907 527 2962 Tom
543 2914 585 2977 69
602 2914 661 2964 766.
1291 2952 1292 2961 ,

255 3092 339 3141 Ἰτοῦ
357 3093 483 3155 πονηροῦ
502 3083 637 3155 δαίμονος
654 3086 839 3142 ΒΟΡΙιΙλ.-
862 3093 878 3140 9
897 3087 1017 3158 μήδειαν
1036 3087 1122 3141 MRV
1146 3107 1198 3156 μη-

183 3155 250 3213 δίαν
273 3155 418 3211 ABD.-
446 3165 496 3211 τοῦ
523 3158 626 3222 παιδὸς
648 3161 697 3213 καί
719 3176 770 3214 om.
789 3158 882 3213 N.-
913 3164 947 3212 10
971 3158 1063 3231 τωβήτ
1085 3159 1197 3213 BLRV.

182 3260 218 3270 —
238 3234 270 3282 11
288 3237 321 3300 τῇ
340 3231 516 3371 χοληῖτοῦβ
494 3228 626 3299 ίχθύοςέ
626 3227 758 3300 πιχρίσας
780 3233 839 3301 (sic)
829 3231 943 3301 ).codd
958 3237 1070 3300 praeter
1087 3230 1142 3284 ΑΡ.
1163 3263 1197 3271 -

185 3305 217 3353 12
236 3299 309 3370 τωβή
275 3299 393 3370 βήτΒΒ,
441 3299 472 3354 τὸ
505 3299 630 3368 mh·-
651 3307 691 3355 16
703 3302 907 3372 ἀνακηρύττειν
920 3301 976 3354 ΒΗ
994 3302 1130 3371 άνυμνελν
1149 3303 1199 3355 καλ

183 3370 385 3438 ἀνακηρύττειν
403 3302 546 3425 11-βηεο
566 3369 639 3426 ἀλεον
659 3371 889 3426 AcFHMR-
913 3380 947 3427 24
965 3373 1096 3443 μωύσέως
1113 3373 1197 3427 AFH

256 3549 289 3596 14
308 3543 398 3614 σάρρα
421 3563 454 3599 ιω
478 3545 549 3614 σάρα
572 3561 640 3601 corr
660 3549 703 3600 in
714 3548 802 3602 P.-
827 3555 860 3602 16
883 3550 954 3618 πρὸς
976 3551 1079 3613 αύτούς
1101 3511 1153 3604 οδε.
1173 3557 1200 3606 et

184 3612 334 3681 μυστήριον
352 3632 386 3668 m.
401 3621 417 3668 1
436 3633 491 3684 αμα.
506 3632 571 3671 νινε.
586 3617 693 3673 οωόίόιτ
709 3619 738 3672 Ρ
