2617 3909
187 227 251 292 108
497 228 684 280 ΓΕΩΡῙῚΟΤ
701 227 884 280 MONAXOT

184 372 310 458 Ἰούδας,
327 370 382 453 ἀφ’
403 368 441 438 ού
457 369 599 438 Ἰουδαῖοι
615 374 724 448 πάντες
741 372 792 435 καλ
810 375 842 438 οἱ
858 373 890 436 έκ
908 383 967 436 τῶν
987 377 1100 436 λοιπῶν
1118 376 1203 456 γενύ-

186 496 271 554 μενοι
292 475 592 556 προσηγορεύθησαν·
615 470 666 534 καλ
685 469 860 555 Ἰσραηλῖται
882 470 936 552 μέν
959 471 991 534 έκ
1012 482 1067 534 τοῦ
1091 473 1203 554 πατρὸς

186 573 289 652 Ἰακώβ
316 594 345 634 τε
376 570 427 633 καλ
450 567 581 654 Ἰσραήλ,
605 564 746 633 Ἰουδαῖοι
775 568 808 632 δὲ
839 569 872 632 έκ
902 579 956 634 τοῦ
987 569 1202 653 ἐπισημοτέραν

186 669 319 748 ἀδελφοῦ
341 669 441 732 αὐτῶν
460 663 559 732 Ἰούδα
581 669 766 750 φερωνύμως
783 667 946 748 κέκληνται.
979 667 996 732 δ
1015 667 1047 730 δέ
1064 691 1097 750 γε
1116 675 1203 742 θεῖος

160 762 316 850 οἎβραδιμ
338 766 475 849 ἐγέννησε
497 767 587 830 πάλιν
608 765 696 839 υἱούς
717 766 750 828 έκ
772 775 825 846 τῆς
843 765 964 848 ἐσχάτης
984 765 1078 828 αύτοῦ
1097 790 1203 849 γυναι-

185 865 239 938 κδς
261 866 429 947 Χεττούρας
450 864 546 946 πέντε,
568 859 624 944 ἀφ’
649 857 693 926 ὧν
715 863 775 926 ἔστι
798 865 939 944 Μαδιάμ,
962 864 993 940 έξ
1015 857 1052 926 ού
1076 865 1202 926 Μαδια-

186 969 274 1044 νῖται,
297 962 347 1025 καλ
362 962 473 1045 Ἅφαρ,
495 962 525 1037 έξ
548 955 585 1024 ού
604 957 748 1043 Ἀφρική,
774 961 807 1024 έν
829 949 850 1048 ᾖ
872 958 1055 1046 παρῴκησεν,
1078 959 1098 1042 ἡ
1122 962 1202 1044 χώρα

185 1061 428 1143 προσωνομάσθη
451 1061 654 1143 παρωνύμως,
678 1059 773 1142 ὥσπερ
792 1059 925 1139 Αύσίτης
946 1058 962 1124 δ
983 1060 1073 1133 τόπος
1095 1059 1128 1122 έκ
1149 1070 1202 1122 τοῦ

182 1153 293 1240 Ἡσαῦ,
323 1159 356 1221 έν
387 1147 412 1244 ᾧ
439 1157 656 1240 ἀνεβλάστησεν
683 1156 699 1222 δ
728 1158 870 1240 μακάριος
896 1156 947 1220 καλ
979 1159 1125 1232 πολύτλας
1152 1157 1203 1220 καὶ

146 1281 173 1322 ιο
188 1257 347 1339 διαβόητος
366 1253 442 1337 Ἰώβ.

245 1350 304 1418 Ὃν
330 1355 519 1436 ἐγκωμιάζων
542 1351 559 1415 δ
585 1359 671 1427 θεῖος
693 1352 903 1434 Χρυσόστομος
929 1351 1017 1434 λέγει·
1040 1351 1204 1436 ἅνθρωπός

187 1475 231 1526 τις
253 1444 308 1533 ἦν,
331 1454 441 1533 φησίν,
468 1451 501 1513 έν
525 1452 606 1536 χάρη
627 1460 663 1536 τῇ
687 1451 834 1514 Αύσλτιδι.
880 1451 1016 1533 κηρύττει
1037 1450 1130 1514 αὐτὸν
1152 1451 1204 1514 καὶ

185 1548 245 1610 άπδ
272 1559 325 1630 τῆς
352 1551 471 1628 φύσεως
492 1548 543 1611 καλ
570 1548 629 1610 άπὸ
651 1558 705 1628 τῆς
732 1549 842 1631 χώρας,
870 1549 930 1628 ἵνα,
953 1548 1050 1632 ὥσπερ
1072 1547 1204 1625 οἰκούσας
1307 1601 1308 1612 ,

186 1645 278 1709 αύτδν
305 1645 470 1728 άνθρωπον
497 1647 661 1725 θαυμάζεις
688 1646 732 1708 δτι
758 1644 833 1727 ὑπὲρ
861 1644 1027 1728 άνθρωπον
1053 1646 1204 1710 ἐπολιτεύ-

147 1768 173 1810 ιε
187 1761 269 1824 σατο,
291 1746 369 1806 ούτω
393 1744 502 1824 μαθὼν
521 1743 572 1806 καλ
594 1745 649 1823 τὴν
669 1745 778 1825 χώραν,
801 1744 831 1818 ἐξ
848 1737 887 1823 ἧς
905 1743 921 1806 δ
939 1755 1073 1819 τοιοῦτος
1089 1745 1205 1826 καρπὸς

185 1841 337 1923 ἤνθησεν,
371 1842 518 1928 έκπλαγῇς
554 1840 678 1921 ἀληθῶς
710 1838 815 1904 δποῖον
846 1842 938 1924 βάδον
969 1842 1002 1904 ἐν
1033 1842 1111 1930 μέσῳ
1143 1853 1204 1906 τῶν

186 1939 331 2003 ἀκανθῶν
363 1941 547 2021 ἐβλάστησεν.
593 1931 632 2019 ἦν
664 1939 720 2022 γὰρ
751 1949 805 2020 τῆς
832 1941 992 2015 Αύσέτιδος
1023 1941 1119 2023 χώρας
1149 1951 1203 2004 τοῦ

184 2023 290 2120 Ἡσαῦ,
312 2039 344 2112 ἐξ
367 2033 458 2122 οὗπερ
481 2039 605 2111 Αύσῖτις
626 2035 806 2119 ὠνόμασται,
829 2047 882 2100 τοῦ
904 2038 1034 2120 βεβήλου
1056 2038 1108 2100 καλ
1130 2039 1203 2118 πόρ-

187 2160 258 2218 νου,
287 2138 367 2212 ὅπως
394 2138 556 2221 θαυμάσῃς
583 2135 616 2198 ἐκ
642 2138 731 2210 ποίας
757 2137 899 2219 πατρίδος
927 2135 977 2198 καλ
1004 2137 1087 2219 ῥίζης
1108 2148 1204 2218 κακῆς

147 2259 175 2300 ιο
189 2235 347 2315 ἐβλάστησε
368 2235 481 2317 καρπὸς
504 2233 689 2316 ὦραιότατος.
735 2232 884 2316 ἀπόγονος
906 2234 962 2316 γάρ
985 2233 1045 2298 ἐστι
1065 2243 1118 2296 τοῦ
1137 2235 1203 2296 διοι-

187 2332 381 2415 βαλλομένου,
398 2333 502 2407 καθδις
519 2331 539 2413 ἡ
557 2332 661 2416 γραφὴ
679 2331 812 2413 πέμπτον
826 2331 917 2394 αὐτὸν
931 2330 990 2394 ἀπὸ
1004 2341 1057 2394 τού
1068 2325 1203 2415 Ἀβρααμ

257 2545 328 2594 4-—8
346 2541 381 2607 ef.
397 2539 489 2596 Schol.
504 2539 541 2594 ωδ
554 2540 653 2594 Anaut.
669 2539 725 2594 Sin.
741 2538 853 2604 Quaest.
868 2543 903 2594 28
921 2538 1018 2609 Migne
1036 2539 1067 2594 Τ.
1082 2543 1126 2606 89,
1140 2545 1201 2594 566.

186 2642 221 2651 -
236 2615 337 2681 11-p.
349 2616 409 2678 109,
421 2617 454 2665 10
467 2610 687 2679 Pseudo-Chrys.
702 2611 733 2664 in
744 2609 805 2665 Job.
818 2609 913 2664 Sermo
926 2609 987 2677 11‚1
1006 2609 1102 2680 Migne
1116 2610 1147 2666 T.
1159 2617 1202 2678 56,

186 2687 238 2736 τοι
251 2683 300 2750 fin.
320 2714 353 2722 -
374 2688 406 2736 11
426 2682 500 2737 ffiob
521 2689 584 2751 1,1.
925 2731 926 2734 ,

257 2866 274 2914 8
293 2857 400 2922 αύσλτις
417 2859 533 2913 ADPW
551 2866 577 2915 et
595 2859 620 2914 G
637 2877 672 2914 m.
688 2865 704 2914 1
722 2876 791 2915 corr.
809 2875 842 2913 τοι
860 2855 976 2927 αύσλιης
994 2859 1058 2914 etL
1078 2859 1117 2915 lit.
1133 2876 1201 2915 οοιτ.

185 2949 220 2987 εκ
237 2930 359 2999 αύσήτις.
383 2963 418 2972 -
442 2938 474 2985 11
494 2931 578 3003 λέγει]
600 2931 653 3001 ἔφη
673 2930 739 2985 ΒΜ.
763 2963 796 2971 -
822 2935 855 2984 12
873 2950 915 2992 τις
937 2925 973 3000 ἦν
993 2947 1080 2999 φησιν
1100 2931 1202 2984 ABPV

185 3001 228 3067 τίς
246 3020 333 3073 φησιν
355 2997 391 3073 ἦν
413 3002 440 3056 N
461 2997 498 3072 ἦν
520 3020 572 3059 ουτ.
592 3000 640 3057 GL
663 3009 689 3057 et
709 3018 780 3056 τοοο.
803 3001 926 3070 quidam.
964 3019 1050 3072 φησιν
1075 3019 1125 3057 om.
1145 3001 1202 3070 PG,

181 3082 245 3146 post
258 3075 387 3144 κηρύττει
400 3076 453 3129 im.
467 3074 500 3128 R.
516 3105 550 3114 -
570 3079 604 3128 14
622 3072 772 3144 θαυμάζης
786 3072 926 3126 ABGHR
944 3072 1102 3142 θαυμάσεις
1114 3073 1148 3130 D.
1166 3105 1200 3114 -

187 3153 220 3201 16
239 3145 384 3216 ἐκπλαγεῖς
400 3145 504 3200 AODL
524 3144 611 3199 έκπλοι
630 3144 670 3206 ελς
682 3143 816 3199 BFHRV
838 3143 924 3198 έκπλα
944 3143 969 3207 λς
986 3144 1023 3198 Μ.
1043 3175 1078 3184 -
1098 3149 1131 3198 1²1
1150 3151 1201 3199 τοῦ

187 3234 236 3273 ονε.
252 3217 286 3271 Ν.
310 3249 345 3258 ·-
370 3222 403 3271 18
422 3215 530 3279 αύσέτις
547 3165 739 3270 ΑΙλέδΗΡΒΝ
763 3213 878 3285 αύσλτης
898 3165 976 3270 ὒδλΜ
998 3215 1120 3285 αύσήτης
1142 3215 1201 3270 BF.

187 3321 221 3329 —
241 3295 274 3343 19
293 3287 442 3358 θαυμάζης
460 3286 490 3341 Μ
512 3286 668 3357 θαυμάζεις
685 3287 716 3342 Β.
736 3319 771 3328 —-
790 3293 823 3342 21
844 3287 930 3342 αύτδν
949 3303 998 3342 om.
1015 3287 1071 3342 LR.

186 3465 299 3536 ἄραβος,
317 3474 371 3520 νῦν
390 3464 422 3520 δέ
440 3463 559 3535 άγαρ.Ρ
576 3466 623 3519 sed
641 3482 663 3518 π
680 3482 715 3520 m.
730 3471 746 3520 1
766 3467 798 3520 ιἰι
816 3467 855 3520 lit.
870 3472 896 3519 et
913 3465 1102 3532 circumflexus
1120 3465 1201 3520 sumta

186 3543 298 3591 acutum
311 3538 428 3605 ponitus.
465 3535 616 3590 Labrarius
634 3537 733 3606 ιἠλιαν,
756 3544 788 3591 αι
805 3537 921 3603 videtur,
942 3537 1014 3590 inter
1030 3537 1203 3590 scribendum

184 3606 275 3662 πάλαι
291 3607 343 3675 μέν
357 3604 472 3678 Ἄραβες
488 3607 672 3676 interpolavit.
692 3639 725 3650 -
748 3614 762 3661 1
783 3604 837 3676 ἀφ’
853 3603 886 3661 ού
905 3607 954 3662 καλ
972 3607 1097 3662 λουδαλοι
1113 3607 1144 3661 Ρ.
