2617 3909
169 174 236 240 120
483 176 669 228 mmor
686 175 869 228 Momor

168 324 367 405 παρεμβολήν.
412 322 463 384 καί
493 316 555 384 είπε
588 321 727 403 Μαδσῆς
758 323 832 404 πρὸς
863 323 980 406 κύριον·
1012 324 1051 385 εί.
1067 324 1183 405 εὕρηκα

169 423 255 506 χάριν
277 421 405 484 ίνώπιόν
426 439 493 501 σου,
515 419 681 499 ἕμφάνισόν
700 443 750 500 μοι
769 421 890 484 σαάτόν·
909 431 1046 504 γνοιστῶς
1065 422 1119 484 λ’δεο
1139 439 1185 502 σε,

170 522 251 595 ὅπως
273 518 311 580 ἀν
334 512 358 580 ὦ
380 518 513 600 εὑρηκὼς
539 519 624 600 χάριν
651 518 780 581 ένάπιάν
806 536 862 580 σον
885 519 935 580 καί
961 518 1185 599 ένδοξασθησό-
1289 559 1291 565 ,

169 624 248 698 μεθα
271 617 327 700 ἐγώ
349 640 379 679 τε
401 616 451 677 καὶ
474 613 491 678 δ
513 614 583 690 λαός
606 634 669 678 σον.
714 615 765 677 καὶ
793 609 854 678 εἷπε
881 618 983 700 κύριος
1005 617 1080 698 πρὸς
1103 621 1185 680 Μω-

142 723 260 796 σῦσην·
283 714 334 777 καί
355 715 461 776 τοῦτόν
484 732 532 775 σοι
555 714 607 776 τὸν
633 715 737 796 λόχον,
761 712 796 776 δν
819 716 952 796 εἴρηκας,
980 717 1108 795 ποιήσω·
1132 717 1184 778 είλ-

169 837 263 896 ρηκας
279 813 335 895 χάρ
349 813 435 896 χάριν
453 811 582 876 ένώπιόν
602 834 671 893 μου,
689 811 740 873 καὶ
758 806 826 874 οίδά
841 830 872 874 σε
890 812 971 896 παρὰ
988 813 1112 894 πάντας,
1130 813 1184 875 καὶ

171 911 257 992 χάριν
279 911 352 992 ἔχεις
374 906 444 993 παρ’
469 909 543 990 έμοί.
579 905 643 970 ἀλλ’
669 909 705 971 οὐ
729 910 845 994 δυνήσῃ
870 911 944 972 ἰδεῖν
967 910 999 972 τὸ
1022 911 1185 992 πρόσωπόν

170 1025 241 1089 μον·
265 1009 302 1070 οά
324 1008 380 1091 γὰρ
409 1008 450 1088 μὴ
474 1009 524 1092 ἴδη
551 1002 714 1090 ἀνθρωπος
741 1008 773 1070 τὸ
796 1007 955 1090 πρόσωπόν
978 1031 1036 1088 μον
1059 1008 1110 1070 καλ
1132 1010 1184 1089 ζή-

171 1125 257 1168 σεται.
294 1106 344 1168 καὶ
362 1105 430 1168 ἰδοὺ
448 1106 538 1179 τόπος
555 1100 626 1189 παρ’
647 1105 722 1187 ἐμοί,
737 1106 795 1169 καλ
818 1106 910 1191 στήση
929 1105 977 1169 ἐπὶ
995 1115 1047 1186 τῆς
1065 1107 1184 1189 πέτρας,

128 1229 157 1269 ιο
170 1203 221 1266 καί
243 1205 378 1295 ρκεπάσα
406 1213 441 1290 τῇ
465 1205 540 1285 χειρί
563 1227 636 1284 μου,
666 1203 716 1265 καλ
743 1205 805 1266 τότε
833 1203 903 1282 ὄψει
930 1203 966 1264 τὰ
993 1201 1086 1266 ὀπίσω
1115 1229 1183 1286 μου.

170 1303 201 1365 τὸ
235 1301 267 1365 δέ
298 1303 458 1385 πρόσωπόν
489 1325 548 1381 μου
584 1301 641 1363 οὐκ
678 1301 847 1382 ὀφθήσεταί
877 1320 931 1363 σοι.
977 1296 1039 1363 εἷτα
1070 1301 1185 1383 μέλλων

169 1401 202 1463 τὸ
225 1400 450 1483 δεντερονόμιον
474 1399 613 1480 δέχεσθαι
634 1400 724 1460 πάλιν
752 1401 858 1478 φησίν·
886 1398 936 1460 καὶ
963 1399 1055 1479 ἀνέβη
1083 1405 1184 1470 Μωδ-

170 1508 225 1578 σῆς
247 1499 289 1573 εἰς
311 1497 343 1559 τὸ
372 1495 440 1579 ὄρος
462 1503 556 1578 Σινᾶ,
584 1495 668 1559 καθά
689 1496 845 1571 συνέταξεν
872 1497 951 1582 αὐτῷ
976 1499 1086 1579 κύριος.
1132 1500 1183 1562 καί

170 1593 280 1677 κατέβη
301 1596 405 1676 κύριος
427 1594 460 1656 έν
481 1593 602 1680 νεφέλη,
625 1593 676 1656 καὶ
694 1594 823 1674 παρέστη
845 1595 924 1680 αὐτῷ
944 1595 1007 1658 έκεῖ
1020 1594 1131 1679 ἡμέρας
1149 1595 1184 1677 μ’
1296 1593 1297 1596 “

129 1716 156 1756 ιε
170 1692 220 1754 καί
242 1693 352 1765 νύκτας
374 1688 415 1772 μ’.
461 1691 551 1774 ἀρτον
578 1692 634 1754 οὐκ
661 1692 751 1774 έφαχε
779 1690 829 1753 καί
855 1693 937 1774 ὕδωρ
966 1693 1021 1756 οὐκ
1048 1694 1110 1756 ἔπιε
1133 1694 1184 1756 καλ
1296 1733 1297 1740 1

169 1790 299 1872 ἔγραψεν
326 1789 374 1850 έπί
400 1799 460 1850 τῶν
487 1795 608 1851 πλακῶν
635 1789 671 1850 τά
698 1791 813 1872 ῥήματα
840 1799 893 1870 τῆς
921 1791 1086 1872 διαθήκης,
1113 1794 1184 1866 τοὺς
1296 1783 1297 1848 ι

169 1887 241 1949 δέκα
262 1885 377 1968 λόγους.
423 1887 473 1948 καλ
495 1886 595 1969 λαβὼν
617 1887 669 1962 τὰς
691 1889 804 1962 πλάκας
827 1887 877 1948 καί
899 1889 1028 1970 καταβὰς
1052 1888 1111 1951 ἀπδ
1129 1901 1184 1952 τοῦ
1296 1899 1297 1908 ’

170 1984 259 2069 ὄρους
281 1984 501 2066 δεδοξασμένος,
524 1980 602 2047 είδεν
617 1981 732 2067 Ἀαρὼν
750 1984 800 2047 καί
818 1987 925 2060 πάντες
944 1988 976 2048 οἱ
990 1986 1052 2049 οἱοί
1068 1984 1185 2069 Ἰσραὴλ
1296 2041 1297 2066 η

169 2084 203 2146 τδ
225 2083 384 2166 πρόσωπον
407 2083 578 2164 Μωδσέως,
605 2083 656 2146 καί
678 2075 718 2164 ἦν
741 2083 970 2165 δεδοξασμένον,
997 2084 1047 2146 καί
1069 2084 1187 2166 έφοβή-
1296 2069 1297 2138 ί

129 2206 157 2246 ιο
170 2189 272 2262 θησαν
294 2181 374 2266 αὐτῷ
392 2183 589 2263 προσεγγίσαι.
625 2180 676 2242 καί
699 2182 829 2256 εἰκότας·
852 2183 1014 2262 νηστεύσας
1033 2183 1089 2264 χάρ
1112 2180 1186 2263 ἡμέ-
1296 2215 1297 2232 ι

170 2305 225 2363 ρας
246 2277 284 2341 π’
301 2281 394 2364 κυρίῳ
412 2278 602 2361 παρεστηκὼς
620 2278 670 2341 καί
688 2279 740 2354 τὰς
758 2281 949 2362 θεοχράφσνς
967 2281 1080 2360 πλάκας
1100 2282 1184 2354 δεξά-
1296 2303 1297 2306 ’

171 2402 259 2459 μενος
289 2377 340 2439 καὶ
370 2378 403 2440 τὸ
435 2378 597 2440 θεόσδοτον
629 2379 854 2458 δεντερονόμιον
886 2377 1015 2459 εἰληφὼς
1042 2389 1187 2440 τοσοῦτον
1296 2407 1297 2430 ÷

81 2491 113 2532 σε
126 2491 157 2530 Μ.
171 2476 265 2538 αὐτοῦ
295 2476 328 2538 τὸ
355 2474 515 2556 πρόσωπον
542 2475 575 2536 έκ
601 2485 655 2554 τῆς
681 2477 823 2550 θεοπτίας
849 2475 1014 2557 ἐδοξάσθη,
1042 2475 1114 2538 ὥστε
1142 2477 1186 2556 μὴ

170 2574 323 2635 δύνασθαι
348 2571 401 2633 τὸν
427 2571 500 2633 λαὸν
527 2571 658 2634 ἀτενίσαι
689 2572 763 2654 πρὸς
789 2571 844 2652 τὴν
872 2572 987 2635 ἐκεῖθεν
1015 2573 1186 2656 φερομένην
1296 2617 1297 2654 η

130 2692 158 2734 ετ
170 2671 260 2731 θείαν
282 2671 388 2750 αάμλην
410 2668 512 2730 τεκαὶ
535 2669 634 2743 δόξαν.
680 2669 730 2730 καί
753 2669 803 2731 διά
825 2679 911 2733 τοῦτο
934 2672 1073 2752 κάλυμμα
1090 2671 1185 2734 έπετί-
1296 2745 1297 2748 ¹

171 2774 235 2848 θει,
267 2765 357 2846 ἡνίκα
388 2766 462 2848 πρὸς
493 2765 603 2841 αὐτοὺς
635 2765 742 2846 δομίλει.
788 2766 909 2842 ἀκτῖνας
940 2769 994 2852 γάρ
1027 2767 1185 2849 έκπέμποον
1296 2791 1297 2856 3

170 2865 372 2946 σελασφόρονς
394 2863 445 2925 καί
467 2863 682 2946 ἀπαστράπτον
706 2863 823 2946 σφόδρα
844 2865 896 2939 τάς
919 2863 1005 2944 ὄψεις
1022 2864 1184 2948 ἀπέστρεφε
1296 2867 1297 2870 ’

169 2989 385 3000 ..—--——-

244 3053 1069 3123 ιηΗῌπ-αῂαπ-ααππ

244 3239 259 3287 3
280 3233 555 3302 ίνδοξασθησώμεθα
569 3232 594 3285 Α
607 3232 668 3286 etP
686 3249 754 3288 οονν.
773 3249 807 3287 ια
820 3229 932 3302 -ίμεθα,
947 3263 982 3274 —-
1002 3237 1035 3286 10
1054 3223 1188 3287 σκεπάσαιΙ

172 3322 202 3359 σε
216 3304 362 3361 ,AFGHR
383 3337 416 3344 —
436 3302 495 3376 δψη
513 3302 652 3357 AONPV.
671 3335 704 3343 -
725 3309 757 3358 13
777 3303 842 3360 σινά
859 3303 914 3358 Ac.
932 3336 969 3344 —
988 3309 1021 3357 23
1041 3303 1185 3374 ἐδοξάσθη
1296 3375 1297 3390 χ

171 3376 203 3430 έκ
222 3375 289 3444 (ἀπὸ
303 3375 339 3437 λλ)
357 3382 408 3444 τῆς
424 3371 561 3436 θεοπτίας
579 3373 634 3428 LV.
653 3406 689 3416 -
709 3379 741 3428 27
761 3374 927 3443 ἀστράπτων
945 3374 1005 3430 BG.

243 3556 259 3603 3
280 3547 409 3605 ἐναντίον
428 3566 478 3604 σον
495 3550 519 3603 Ρ
526 3549 577 3603 Ex.
597 3581 631 3592 -
651 3557 684 3605 18
704 3551 732 3606 σί
750 3569 800 3609 om.
814 3551 845 3605 P.
864 3583 898 3592 —
919 3556 952 3605 19
970 3558 1081 3620 μαδσῆς
1098 3550 1128 3605 Ρ.
