2617 3909
194 242 260 307 258
507 242 695 294 ΓΕΩΡΓΙΟΤ
712 242 897 294 ΜΟΝΑΧΟΤ

193 403 273 454 πᾶσα
287 389 306 471 ή
322 389 390 465 ὁδὸς
409 391 524 471 πλήρης
543 391 666 469 ίματίων
679 389 730 452 καί
742 401 868 470 σκευῶν,
886 382 930 451 ὧν
947 390 1052 473 ἔρριψε
1065 393 1167 473 Συρία
1180 392 1213 454 έν

194 497 232 576 τῷ
248 492 434 570 θαμβεῖσδαι
457 489 573 562 αὐτούς.
610 487 661 550 καί
683 487 935 571 ὑποστρεψάντων
955 499 1016 552 τῶν
1033 487 1212 569 ἀπεσταλμέ-

195 612 257 650 νων
275 588 400 668 ἐξῆλθεν
419 586 435 650 δ
454 587 524 660 λαδς
542 596 595 666 τῆς
608 586 720 660 πόλεως
735 585 786 647 καί
805 587 974 668 διήρπασαν
991 587 1048 666 τήν
1062 584 1212 669 παρεμβο-

194 687 250 766 λήν
258 687 383 768 Συρίας,
396 683 446 748 καὶ
460 683 571 766 ἐγένετο
586 682 692 765 μέτρον
705 685 880 764 σεμιδάλεως
893 686 997 746 σίκλον
1010 685 1061 746 καί
1075 687 1212 769 δίμετρον

168 789 311 866 εκριδῶν
329 783 431 844 σίκλον
444 781 518 843 κατὰ
536 783 568 845 τὸ
587 782 668 864 ῥῆμα
686 783 802 863 κυρίου.
838 792 891 844 τοῦ
910 781 943 844 δὲ
961 782 1106 863 βασιλέως
1124 809 1212 845 κατα-

196 881 356 959 στήσαντος
374 880 426 942 τὸν
444 880 599 962 τριστάτην
618 878 667 941 έπί
684 889 737 959 τῆς
749 881 856 961 πάλης,
873 881 1074 960 συνεπάτησεν
1087 881 1212 946 αιἰτδνδ

194 978 275 1058 λαός,
293 976 343 1040 καί
361 976 494 1040 ἀπέθανε
508 977 548 1058 μή
564 977 670 1059 φαγὼν
684 977 717 1039 έκ
728 987 782 1039 τοῦ
796 979 880 1040 σίτου
893 977 968 1040 κατὰ
979 978 1033 1040 τὸν
1050 978 1143 1061 λόγον
1160 990 1212 1042 τοῦ

193 1076 359 1158 προφήτου.
400 1074 449 1137 καί
474 1075 573 1155 μέντοι
600 1073 649 1136 καί
672 1075 705 1136 τδ
723 1070 929 1157 Ἱεριχοάντιον
951 1077 1034 1159 ὕδωρ
1058 1073 1100 1139 δι’
1125 1079 1213 1159 εὐχῆς

196 1176 304 1236 ι’άσατο.
341 1175 448 1254 πικρὸν
470 1173 526 1255 γὰρ
549 1165 588 1252 ήν
607 1173 698 1252 φάσει
714 1172 766 1234 καί
783 1174 932 1235 δάσποτον
949 1173 1000 1235 καί
1018 1175 1094 1257 πρὸς
1112 1199 1212 1237 τεκνο-

154 1296 181 1336 10
194 1273 300 1355 γονίαν
331 1272 475 1351 ἐμπόδιόν
501 1294 531 1333 τε
562 1270 612 1332 καί
644 1271 862 1354 θανατηφόρον
888 1267 955 1333 ἔσθ’
985 1273 1033 1336 ὅτε
1059 1272 1112 1334 καί
1139 1275 1214 1356 πρὸς

193 1371 314 1452 άρδείαν
342 1369 554 1448 ἀνεπιτήδειον.
600 1369 672 1450 ὅπερ
698 1369 741 1442 εἰς
768 1368 943 1450 εὐχρηστίαν
964 1369 1142 1452 ἀνθρώποις
1162 1372 1213 1432 καὶ

193 1468 311 1547 κτήνεσι
335 1466 505 1547 μεταβαλὼν
528 1463 599 1548 [εἰς]
622 1468 784 1548 εὐκαρπίας
807 1467 932 1547 μάλιστα
949 1473 1061 1548 πολλῆς
1084 1470 1138 1530 καὶ
1155 1488 1212 1532 σοι·

194 1567 296 1648 ποίεε
313 1564 434 1645 ’ὑπῆρξε
459 1574 495 1650 ολ
524 1565 603 1649 ιώον
631 1565 781 1647 πρόξενος·
826 1563 893 1647 ὄιν
919 1565 975 1647 τὰς
1002 1566 1091 1649 δειλοῦ
1114 1572 1211 1647 πλιν-

196 1672 298 1744 μυρῶν
322 1663 461 1743 μεγίστην
483 1664 594 1724 πιαίνει
616 1664 742 1724 πεδιάδα
760 1661 810 1723 καί
827 1662 927 1745 τρέφει
945 1665 1146 1744 παραδείσους
1162 1666 1213 1726 ιιοά

155 1784 181 1824 15
197 1761 344 1840 φοινίκων
366 1758 437 1841 γένη
461 1760 592 1842 διάφορα
615 1761 805 1843 μελιτοφόρα,
831 1752 875 1821 ὧν
897 1759 927 1822 υί
950 1766 1079 1824 πλεῖστοι
1101 1765 1213 1825 πατού-

195 1879 277 1938 μενοι
309 1855 359 1918 τταί
389 1855 624 1939 ἀποδλιβόμενοι
656 1857 720 1937 μέλι
750 1859 827 1920 πολὺ
859 1857 1018 1939 ἐκχέουσιν.
1063 1859 1125 1921 ἔστι
1156 1861 1212 1944 γάρ
1289 1850 1290 1855 ¹

195 1955 387 2037 μελιτοφάρος
413 1955 463 2017 καὶ
486 1955 719 2038 άρωματοφόρος
746 1954 766 2035 ή
789 1957 869 2039 χώρα
895 1957 977 2017 πάνυ
1001 1955 1138 2039 φέρουσα
1159 1959 1212 2020 κά-

194 2077 271 2137 προν
293 2052 343 2115 καί
366 2055 575 2136 μυροβάλανον
596 2054 647 2115 καὶ
669 2053 948 2135 δποβάλσαμονὸτι
970 2058 1122 2134 πλεῖστον,
1147 2056 1213 2134 ήτις
1288 2116 1289 2125 ,

195 2146 235 2214 δι’
262 2150 369 2234 ὀλίγων
391 2163 513 2236 καρπῶν
536 2152 586 2214 καὶ
609 2152 784 2234 ἀνθρώποις
805 2151 1001 2231 έπνθυμητῶν
1022 2145 1057 2213 εὖ
1080 2154 1160 2232 μάλα
1176 2160 1215 2237 τῷ

155 2275 181 2314 το
195 2251 361 2336 παραδείσῳ
384 2261 484 2324 ποσῶς
506 2251 715 2333 παρεικάζεται.

283 2347 359 2430 Περί
386 2342 423 2410 οὗ
452 2367 527 2428 φησι
553 2347 604 2410 καὶ
631 2347 647 2410 δ
676 2347 765 2430 μέγας
788 2344 977 2422 Ἀναστάσιος
1007 2349 1211 2422 Θεουπόλεονς·
1288 2370 1289 2409 1

266 2553 354 2602 8-20
377 2549 412 2615 ef.
437 2547 550 2617 Josoph.
574 2547 644 2602 Bell.
669 2547 734 2602 Jud.
753 2547 800 2613 IV,
817 2551 934 2616 λσθτης.
959 2577 992 2588 -
1021 2552 1129 2616 2l-p.
1151 2553 1212 2615 269,

197 2625 229 2675 18
248 2621 345 2674 Anast.
362 2618 418 2674 Sin.
435 2618 547 2684 Quaest.
565 2625 614 2672 127
633 2618 730 2689 Migne
749 2617 827 2672 Tom.
844 2623 888 2686 89,
904 2623 955 2672 780
965 2618 996 2672 Β.

269 2812 285 2860 3
305 2805 441 2874 διήρπασε
455 2805 516 2858 BR.
532 2837 565 2845 —
584 2810 599 2858 6
615 2805 629 2860 δ
644 2805 712 2867 λαὸς
725 2802 812 2860 αὐτόν
826 2805 847 2858 L
866 2804 953 2858 αὐτὸν
967 2821 1018 2859 om.
1033 2803 1062 2858 C.
1078 2837 1111 2845 -
1133 2811 1148 2858 '1
1163 2806 1212 2860 τὸν

196 2875 291 2950 λόγον]
310 2877 341 2931 τὸ
361 2874 435 2946 δῆμοι
454 2876 534 2931 codd.
547 2884 656 2946 praeter
669 2877 724 2931 ΑΡ.
740 2909 773 2918 -
793 2881 810 2931 8
829 2875 1028 2948 ἱεριχοάντειον
1041 2876 1160 2930 BDRV.
1177 2907 1211 2918 -

197 2957 228 3005 11
250 2948 408 3016 ἐπιτήδειον
427 2946 562 3002 OFHMV
580 2967 613 3002 m.
628 2953 648 3004 2
666 2965 734 3004 corr.
754 2950 786 3003 να
804 2945 851 3002 CV
869 2965 902 3001 m.
918 2953 934 3001 1
952 2953 985 3000 αλ
1002 2947 1057 3002 οἰδ.
1077 2949 1110 3001 in
1127 2949 1158 3001 F.
1178 2980 1211 2988 —

197 3027 229 3076 12
250 3017 549 3089 εὐκαρπίας-πολλῆς
567 3019 643 3074 BFR
666 3020 707 3082 είς
729 3016 1029 3088 εὐκαρπίας-πολλῆς
1048 3017 1150 3073 0th
1173 3019 1213 3080 εἰς

195 3107 263 3146 eras.
278 3093 310 3145 ιἰι
323 3091 371 3145 LV
390 3091 430 3154 εἰς
444 3088 748 3160 εὐκαρπίαν-πολλὴν
757 3092 782 3144 Α
801 3091 841 3154 είς
854 3085 1171 3157 εὐκαρπίαν-πολλοῖς
1180 3090 1211 3143 P.

196 3195 230 3202 -
251 3168 283 3216 13
298 3161 435 3231 πρόξενον
449 3161 621 3217 BGHMRV
634 3169 660 3217 et
673 3163 695 3216 L
708 3163 756 3218 sed
769 3182 817 3217 -ον
830 3180 864 3216 ιιι.
879 3167 899 3216 2
916 3179 950 3216 ια
964 3181 1009 3223 -ος
1022 3177 1091 3216 corr.
1107 3163 1163 3216 vid.
1178 3192 1210 3202 -

196 3237 377 3304 πλημμυροῦν
391 3235 422 3290 B.
432 3267 468 3275 —
484 3239 516 3289 18
532 3233 730 3305 ὀποβάλσαμον
745 3231 869 3288 CFLNP
885 3233 956 3287 ὀπὸν
970 3232 1121 3304 βαλσάμου
1130 3233 1162 3288 B.
1178 3264 1211 3272 -

197 3311 230 3359 19
251 3305 425 3376 έπιδυμητδν
444 3304 531 3360 BRV.
547 3337 580 3346 —
601 3309 634 3358 20
654 3314 747 3368 ποσῶς
764 3323 814 3361 om.
830 3304 865 3358 N.

267 3487 283 3534 5
302 3482 424 3538 κατὰτὸ
444 3478 517 3550 ῥῆμα
536 3478 635 3546 κυρίου
655 3487 719 3535 ante
734 3481 783 3535 καί
797 3478 927 3550 δίμετρον
942 3483 993 3536 ins.
1008 3481 1038 3533 Ρ.
1054 3513 1089 3522 -
1111 3487 1143 3535 12
1163 3481 1209 3534 καὶ

197 3550 333 3620 σωτηρίας
346 3571 396 3608 ονε.
411 3552 441 3605 Ρ.
456 3581 492 3590 -
512 3556 545 3602 14
558 3549 654 3618 τρέφει
670 3550 701 3604 έν
714 3552 791 3622 αὐτῷ
800 3550 989 3619 παραδείσους
1002 3551 1032 3605 P.
1047 3582 1081 3592 ·-
1101 3558 1134 3605 15
1149 3551 1212 3606 διοί-

197 3641 273 3689 φορα
288 3624 335 3676 καί
350 3627 406 3692 μελ.
418 3622 447 3674 Ρ.
459 3651 491 3660 -
509 3624 542 3673 16
556 3623 644 3674 πολῦν
658 3620 688 3674 P.
699 3652 733 3662 -
749 3628 781 3674 19
796 3623 845 3676 καί
859 3624 909 3677 δικ.
920 3623 950 3678 Ρ.
962 3653 996 3664 -
1010 3628 1043 3676 21
1055 3623 1103 3676 καί
1118 3640 1169 3678 om.
1180 3622 1211 3676 P.
