2617 3909
202 221 270 286 254
517 221 703 275 ΓΕΩΡΓΙΟΤ
720 222 905 275 ΜΟΝΔΧΟΤ

201 372 254 432 καί
275 388 351 450 φησι
373 371 520 450 Μιχαίας·
544 369 595 432 έδιν
622 368 801 454 ἐπιστρέψης
829 365 889 450 μετ’
914 369 1050 450 είρήνης,
1074 369 1132 432 ούκ
1154 369 1219 432 zm-

201 474 271 549 λησε
293 469 395 552 κύριος
416 467 449 530 έν
466 468 539 548 έμοί.
576 466 627 528 καί
643 467 788 530 εἰσελθὼν
804 467 838 530 έν
855 474 895 553 τῷ
913 467 1030 555 πολέμιγ
1049 467 1102 529 καί
1119 471 1219 544 τοξευ-

201 566 268 641 θείς
290 565 348 628 ἀνὰ
371 564 461 645 μέσον
482 575 536 628 τοῦ
558 566 697 648 θώρακος
724 565 776 627 καί
803 576 855 628 τοῦ
876 566 1046 646 πνεύμονος
1068 566 1121 628 καί
1144 566 1217 628 m

201 663 329 746 στρέψας
352 663 402 726 διὰ
424 672 477 726 τοῦ
499 665 629 746 ἅρματος
649 663 701 724 καί
722 664 844 743 θανών,
866 664 977 739 ἔλειξαν
1000 666 1032 726 οί
1052 665 1144 738 κύνες
1162 665 1223 728 ἐκεῖ

175 764 244 835 σείς
275 761 326 823 τὸν
357 761 449 824 τόπον
480 760 513 823 τδ
545 755 618 841 αἷμα
649 761 743 823 αύτού
769 762 844 823 κατὰ
869 762 902 824 τὸ
929 763 1023 845 ρήμα,
1052 759 1069 824 ὃ
1097 763 1218 843 ἐλύλησε

200 861 303 942 κύριος
326 859 358 922 έν
380 859 453 942 χειρὶ
470 855 576 922 Ἦλιοῦ
598 869 652 922 τοῦ
675 860 841 942 προφήτου.

267 957 343 1040 Περί
370 952 407 1020 ού
437 958 627 1040 Θεοδύρητύς
654 975 762 1038 φησιν’
790 956 875 1033 ύξιον
906 957 999 1031 ὄντος
1025 959 1217 1040 διαπορῆσαι,

200 1059 280 1132 τίνος
302 1055 400 1132 ἕνεκεν
423 1053 439 1118 δ
462 1065 595 1130 τοιοῦτος
621 1062 705 1129 θεῖος
732 1056 890 1138 προφήτης
916 1055 965 1118 καί
993 1056 1127 1137 ζηλωτής
1153 1059 1217 1120 διά-

199 1177 294 1238 πυρος
320 1154 371 1216 καί
396 1158 568 1234 τηλικοῦτος
593 1154 786 1236 τερατουργδς
812 1155 864 1218 τδν
891 1152 945 1234 μὲν
964 1150 1076 1235 Ἀχαδιβ
1102 1178 1217 1238 πυρρη

161 1277 186 1316 ιο
201 1263 355 1328 σιαστιιιῶς
376 1252 427 1315 καί
448 1252 663 1326 ἀνενδοιύστιος
689 1252 763 1314 κατὰ
785 1253 946 1335 πρόσωπον
969 1253 1137 1335 διήλεγχεν,
1164 1264 1217 1334 τῆς

200 1351 232 1414 δὲ
264 1350 405 1434 γυναικὸς
436 1351 529 1413 αύτοῦ
556 1346 677 1430 Ἰεζάβελ
708 1349 779 1413 ούδέ
810 1350 905 1430 ψιλήν
934 1349 1060 1431 ἀπειλήν
1086 1351 1216 1433 ἐνεγκὼν

199 1449 271 1513 δδδν
303 1448 416 1533 ἀπέδρα
447 1449 762 1533 τεσσαρακοντήμερον.
806 1446 880 1509 ἀλλὰ
906 1449 999 1529 δῆλον
1026 1448 1085 1529 δτι,
1113 1450 1143 1511 εί
1167 1449 1216 1510 καὶ

194 1557 331 1621 τοιοῦτος
358 1539 397 1626 ήν
425 1546 661 1625 δπαναοίδιμος
690 1546 723 1608 έν
749 1551 814 1619 ταῖς
839 1543 914 1629 ύπέρ
941 1544 1109 1628 ύνθραπον
1136 1554 1214 1609 θαυ-

200 1645 398 1727 ματουργίαις,
421 1639 484 1705 ἀλλ’
510 1643 672 1725 ύνθραιτος
693 1642 826 1726 ὑπῆρχεν
847 1643 905 1706 ούιι
930 1642 1054 1727 ύμοιρος
1077 1655 1133 1725 τῆς
1156 1670 1215 1725 φυ-

158 1765 184 1806 ιι
199 1751 284 1821 σικής
306 1741 478 1823 ἀσθενείας,
500 1741 594 1816 ἀλλοις
616 1765 646 1804 τε
668 1741 718 1804 καί
740 1751 793 1821 τῆς
814 1744 901 1816 θείας
923 1733 963 1823 ἦν
985 1743 1161 1823 οἰκονομίας
1182 1744 1215 1805 τὸ

199 1839 273 1914 δέος.
309 1841 359 1902 ἵνα
381 1840 437 1923 γὰρ
460 1841 501 1921 μὴ
524 1850 577 1921 τῆς
599 1841 843 1921 θαυματουργίας
865 1841 897 1902 τὸ
919 1839 1044 1921 μέγεθος
1067 1839 1164 1926 έπάρχ
1182 1842 1214 1903 τὸ

101 1947 139 1986 1⁸4
153 1945 184 1985 M.
199 1940 350 2021 φρόνημα,
369 1938 530 2001 ένδέδιοκεν
543 1936 563 2018 ή
577 1938 661 2021 χύρις
673 1947 709 2023 τῇ
724 1939 814 2016 φύσει
826 1939 882 2019 τήν
900 1939 1011 2000 δειλίαν
1024 1938 1214 2014 εἰσδέξασθαι

198 2038 272 2121 πρὸς
285 2037 444 2119 ἐπίγνωσιν
457 2047 510 2118 τῆς
524 2036 719 2118 ἀνθρωπίνης
733 2035 898 2109 ἀσθενείας.
920 2037 1028 2098 τούτου
1041 2037 1129 2120 χάριν
1138 2037 1216 2122 αύτῷ

198 2135 248 2197 καὶ
266 2136 434 2215 μεμήνυκεν
452 2134 469 2198 δ
489 2135 641 2215 δεσπότης,
661 2134 706 2196 ὅτι
723 2134 848 2215 χιλιάδες
866 2131 895 2208 ζ’
908 2133 1058 2214 διέμειναν
1073 2146 1128 2216 τῆς
1147 2134 1212 2197 ἀσε-

158 2259 184 2298 ιο
198 2235 279 2314 βείας
295 2233 455 2317 ἐλεύθεραι.
487 2233 561 2315 πρὸς
575 2230 607 2294 δέ
620 2232 735 2305 τούτοις
748 2231 881 2306 ἐδίδαξεν
893 2231 987 2294 αύτδν
999 2230 1040 2305 ὡς
1054 2229 1212 2315 ἡμερότητι

197 2330 248 2393 καί
274 2332 467 2417 μακροθυμία
494 2330 688 2413 πρυτανεύειν
715 2328 869 2409 ἐδοκίμασε
897 2339 957 2391 τῶν
983 2329 1211 2411 ἀνθρώπουτὸ

197 2429 292 2511 γένος,
314 2427 363 2490 καὶ
386 2429 430 2492 ὅτι
453 2426 558 2513 ῥᾴδιον
581 2421 620 2508 ήυ
643 2427 722 2512 αύτῷ
741 2426 792 2488 καί
811 2427 975 2508 κεραυνούς
992 2426 1043 2488 καί
1060 2428 1211 2507 σινηπτοὺς

197 2525 361 2605 ἐπιπέμψαι
383 2533 444 2600 τοῖς
466 2524 620 2607 δυσσεβέσι
641 2525 692 2587 καί
718 2531 859 2606 κλονήσαι
881 2526 937 2606 τήν
959 2535 1018 2607 γῆν
1040 2527 1091 2588 καί
1112 2529 1210 2607 τύφου

197 2624 298 2697 αὐτοῖς
333 2623 523 2705 αὐτοσχέδιον
554 2623 706 2705 έπαφήναι
736 2623 787 2685 καὶ
819 2624 928 2703 βιαίοις
961 2622 1082 2704 ἀνέμοις
1114 2623 1209 2708 ἀρδην

268 2803 444 2874 θάναμέσον
462 2804 590 2859 AFNPR
600 2803 682 2859 Ooisl.
707 2837 740 2845 -
766 2803 895 2868 ίέίιξαυ
913 2802 1084 2860 ADFOoisl.
1109 2804 1138 2859 έί
1157 2806 1208 2870 ξαν

196 2874 307 2930 BGMP
330 2874 460 2944 ἐίήξαντο
475 2875 508 2930 Η.
529 2907 562 2916 -
583 2882 598 2929 6
618 2876 698 2946 ήλιοῦ
717 2875 830 2930 BORV.
849 2905 885 2915 —
903 2879 919 2928 8
937 2883 1065 2938 τοιοῦτος
1082 2893 1133 2933 om.
1175 2876 1206 2930 V.

196 2979 229 2988 -
255 2953 288 3002 10
307 2946 494 3011 ἀνευδιοίστως
507 2945 568 3000 ΗΜ
587 2945 782 3010 ἀνενδυάστως
799 2946 908 3001 εο11.-
929 2952 961 3000 12
980 2947 1207 3014 τεσσαρακονθή-

195 3039 280 3088 μερου
296 3019 416 3086 BFNR,
434 3017 589 3074 νἰιῖθκι.
604 3023 623 3073 2
641 3035 704 3074 ουτ
721 3035 789 3075 corr.
803 3019 858 3073 m'd.
875 3049 907 3058 -
926 3019 975 3072 καί
993 3017 1054 3072 είΡ
1073 3019 1098 3073 εἰ
1112 3036 1163 3074 om.
1179 3018 1205 3072 C.

196 3122 229 3132 -
250 3096 282 3144 13
301 3089 372 3158 ὑπὲρ
391 3090 553 3159 ἀνθρώπων
572 3088 626 3144 GP.
651 3122 685 3131 —
710 3094 797 3144 16.16
815 3083 850 3158 ήν
868 3089 900 3143 τὸ
919 3087 982 3152 δέος
1000 3087 1166 3159 οίιιονομίας
1183 3089 1208 3143 V
1282 3102 1283 3139 ι

196 3163 282 3218 οἰκον.
301 3156 337 3232 ήν
355 3162 386 3216 τὸ
406 3161 470 3223 δέος
482 3161 531 3215 FR
552 3154 588 3231 ἦν
606 3178 656 3217 om.
672 3161 694 3214 Β
705 3160 797 3228 001ιὶ,
815 3162 848 3215 ίκ
860 3160 883 3214 Ρ
900 3178 936 3216 m.
950 3166 967 3214 1
985 3177 1041 3229 εχιτ.
1055 3179 1123 3216 νινε.
1142 3162 1206 3216 αδδ.

1285 2436 1287 2573 ί

1284 2640 1286 2787 ί

195 3265 228 3274 -
250 3239 336 3288 18.19
354 3232 437 3304 χάριν
455 3234 504 3288 καί
521 3231 678 3302 μεμήνυκεν
696 3233 772 3306 αύτῷ
781 3231 830 3286 BV
841 3229 922 3286 Ooisl.
945 3252 970 3302 χ.
985 3232 1061 3306 αύτῷ
1075 3233 1126 3286 καί
1143 3232 1207 3302 ἐμή-
1281 3314 1282 3317 ρ

194 3322 277 3359 νυσεν
295 3305 325 3358 F.
345 3337 379 3345 -
398 3310 431 3357 21
450 3304 482 3358 τὸ
500 3313 557 3358 τῶν
575 3303 738 3371 ἀνθρώπων
756 3303 836 3374 γένος
853 3302 912 3357 RV.

266 3467 282 3512 2
306 3461 336 3515 ἐν
360 3459 428 3530 ἐμοί.
457 3461 594 3516 ἀκούσατε
617 3462 681 3515 λαοί
702 3460 806 3526 πάντες
827 3462 857 3515 P.
882 3493 915 3502 —
943 3467 959 3515 ὁ
983 3461 1023 3524 εἰς
1044 3463 1095 3518 τὸν
1117 3462 1206 3519 τύπον

195 3545 245 3582 om.
259 3528 289 3582 P.
310 3562 343 3570 -
362 3530 482 3584 κατὰτὸ
503 3528 576 3600 δῆμα
594 3529 694 3598 κυρίου
712 3530 727 3585 δ
748 3531 877 3601 ἐλάλησεν
897 3533 926 3586 ἐν
944 3554 968 3603 χ.
986 3532 1016 3586 P.
1041 3565 1075 3573 -
1100 3539 1117 3587 ⁷
1136 3536 1206 3605 φησί

195 3599 372 3666 θεοδύιρητος
389 3600 419 3653 P.
439 3631 473 3640 —
493 3606 525 3653 15
545 3598 604 3654 ἀλλ’
622 3599 690 3655 ὥστε
707 3601 737 3655 P.
