2617 3909
166 244 229 308 166
471 244 656 296 τσαοῑτου
674 244 858 296 ΜοΝιΧοτ

163 395 215 456 τὸν
242 393 344 454 Σαοὺλ
370 390 439 452 υἱὸν
461 391 518 464 Κλς
545 391 578 452 ἔτι
600 397 698 470 φυλῆς
725 390 867 470 Βενιαμὶν
893 392 993 471 χρίσας
1016 389 1110 452 αὐτὸν
1134 391 1182 463 είς

162 489 291 571 βασιλέα,
314 488 432 570 ἀγαθὸν
454 486 549 572 ἄνδρα
570 487 621 549 καὶ
642 486 788 568 εὐμεγέθη
812 487 983 570 ὖπεραμίαν
1005 486 1056 548 καλ
1074 487 1181 550 ἐπάνω

162 588 348 669 ὑψηλότερον
379 584 453 669 ὑπὲρ
484 586 540 665 τὴν
571 595 629 668 γῆν
654 595 762 648 πᾶσαν.
808 585 857 646 καλ
883 584 983 666 γέγονε
1010 586 1118 648 λοιπὸν
1148 585 1181 660 ἐξ

161 685 276 748 ἐκείνου
299 683 348 746 ταί
370 683 403 746 ἐν
425 690 465 767 τῷ
480 678 595 766 Ἰσραὴλ
617 682 692 765 ἀργὴ
716 682 867 764 βασιλέων.

136 946 148 987 5
509 900 730 991 [Βιβλίον
758 892 824 986 A'.]

494 1045 550 1130 [α’.
583 1047 671 1130 Περὶ
694 1043 836 1128 Σαούλ]

229 1181 317 1243 Μετὰ
339 1181 371 1243 δὲ
394 1181 540 1261 Σαμουὴλ
562 1181 728 1260 ἐβασίλευσε
747 1180 849 1242 Σαοὺλ
866 1180 915 1259 ἔτη
935 1176 977 1258 μ’.
1014 1177 1047 1254 ὃς
1065 1183 1180 1261 τολμή-

161 1298 214 1352 σας
236 1279 379 1361 πράτερον
402 1278 456 1359 μὲν
478 1279 626 1358 θυμιάσαι
647 1281 687 1362 τῷ
707 1284 776 1362 θεῷ,
799 1278 896 1340 ἔπειτα
915 1276 947 1339 δὲ
964 1277 1101 1359 παραβάς
1121 1279 1180 1358 τὴν

161 1376 282 1457 ἐντολὴν
308 1387 362 1440 τοῦ
388 1382 464 1439 θεοῦ
493 1376 542 1439 ἐπὶ
568 1375 637 1450 τοὺς
657 1371 849 1455 Ἀμαληκίτας
876 1376 1063 1456 ζωογονήσας
1079 1375 1178 1459 ’Ἀγαγ

123 1498 149 1538 ιο
162 1474 213 1536 τὸν
236 1474 356 1556 βασιλέα
378 1475 487 1556 αὐτῶν,
509 1475 618 1555 ἤκουσε
640 1473 722 1555 παρὰ
744 1483 796 1535 τοῦ
814 1473 985 1554 προφήτου·
1009 1477 1179 1554 μεματαία-

161 1573 211 1632 ταί
231 1591 288 1653 σοι,
311 1573 356 1634 ὅτι
377 1573 434 1634 σιὀι
456 1572 605 1650 ἔφάλαξας
630 1571 685 1652 την
708 1570 830 1650 ἐντολήν
853 1594 926 1651 μου,
953 1568 993 1650 ἣν
1015 1570 1178 1636 ἐνετείλατό

162 1689 209 1731 σοι
231 1671 343 1751 κύριος,
366 1670 416 1731 καὶ
438 1667 577 1749 ἡτοίμασε
600 1669 654 1749 τὴν
677 1670 829 1750 βασιλείαν
851 1686 906 1729 σου
926 1666 980 1743 ἕως
998 1667 1107 1743 αἰῶνος
1126 1671 1179 1732 ἐπὶ

158 1763 280 1850 Ἰσραήλ.
325 1766 375 1828 καλ
396 1776 454 1828 νῦν
477 1767 514 1829 οὐ
536 1767 671 1846 στήσεται
693 1763 713 1846 ἡ
737 1768 868 1846 βασιλεία
891 1783 960 1847 σου,
989 1764 1061 1827 ἀλλὰ
1085 1769 1176 1847 ζητή-

162 1884 206 1927 σει
227 1865 329 1947 ιιάριος
351 1863 516 1947 ἄνθρωπον
538 1865 612 1926 κατὰ
639 1865 694 1944 την
716 1865 843 1946 καρδίαν
865 1864 958 1926 αὐτοῦ
981 1863 1022 1936 εἰς
1046 1862 1178 1946 άρχοντα

122 1984 148 2025 ιο
161 1961 209 2023 ἐπὶ
235 1963 288 2025 τὸν
309 1962 382 2025 λαὸν
408 1961 510 2025 αὐτοῦ.
556 1963 626 2043 μετὰ
652 1961 686 2026 δὲ
712 1972 803 2023 ταῦτα
830 1963 931 2044 χρίσας
957 1962 1009 2023 τὸν
1032 1961 1133 2024 Δαυίδ
1157 1964 1174 2027 ὁ

65 2082 148 2123 11811.
161 2060 306 2139 Σαμουὴλ
338 2060 370 2122 ἕν
401 2060 478 2145 λόγῳ
509 2063 630 2141 κυρίου,
662 2055 723 2122 εἶτα
755 2060 885 2141 γηράσας
914 2059 965 2121 ιιαλ
991 2061 1176 2141 τελευτήσας,

162 2157 323 2239 προσέθετο
352 2164 462 2237 μᾶλλον
484 2156 501 2220 ὁ
524 2158 627 2219 Σαοὺλ
653 2160 840 2239 παροργίζειν
867 2158 919 2220 τὸν
940 2158 1052 2238 κύριον.
1099 2158 1176 2221 ὅθεν

161 2255 211 2317 καί
237 2265 355 2335 πνεῦμα
380 2258 486 2336 κυρίου
513 2255 623 2335 ἀπέστη
650 2255 705 2316 ἀπ’
733 2255 826 2317 αὐτοῦ
858 2254 908 2316 καί
935 2255 1053 2337 ἔπνιγεν
1081 2255 1175 2319 αὐτὸν

161 2361 279 2433 πνεῦμα
304 2354 446 2434 πονηρόν.
492 2346 528 2414 οὗ
556 2353 594 2431 δὴ
621 2351 707 2414 ἕνεκα
729 2351 828 2414 Δανίὸ
855 2350 954 2434 άγεται
981 2353 1055 2433 πρὸς
1082 2353 1176 2417 αὐτὸν

123 2451 204 2524 ιοείς
235 2452 420 2532 παρηγορίαν
449 2459 502 2511 τοῦ
533 2451 661 2523 πάθους.
707 2449 757 2512 καλ
784 2449 909 2532 ἐγένετο,
940 2451 1049 2531 φησίν,
1077 2450 1109 2512 ἕν
1139 2459 1179 2535 τῷ

162 2542 238 2609 εἶναι
269 2556 386 2626 πνεῦμα
417 2547 550 2627 πονηρὸν
582 2547 629 2609 ἐπὶ
657 2549 774 2628 Σαούλ,
810 2548 860 2609 καί
887 2549 1046 2629 λαμβάνων
1074 2549 1176 2612 Δαυλδ

162 2644 218 2723 τὴν
244 2643 369 2723 κινάραν
390 2643 531 2724 ἔψαλλεν,
555 2643 604 2705 καί
627 2645 770 2724 ἀφίστατο
794 2644 848 2706 ἀπ’
868 2647 959 2708 αὐτοῦ
983 2645 1015 2707 τὸ
1039 2648 1176 2729 πονηρὸν

237 2855 270 2904 1ο
289 2849 308 2903 1.
323 2850 412 2920 Regg.
429 2854 589 2915 13‚13;14.
609 2883 642 2891 -
663 2857 697 2906 20
715 2853 736 2905 Ι.
752 2853 839 2922 Regg.
856 2857 897 2918 ιο,
913 2858 955 2905 τε.

237 3033 250 3080 1
270 3027 319 3081 τὸν
338 3025 403 3081 υἱὸν
420 3025 465 3086 uls
481 3025 531 3080 τὸν
546 3028 632 3082 σαοίιλ
644 3029 679 3083 Ν.
694 3061 730 3070 -
748 3036 765 3084 4
784 3031 833 3085 καλ
851 3029 881 3084 ἐν
899 3035 937 3102 τῷ
957 3029 1055 3099 ἰσραὴλ
1074 3046 1124 3086 om.
1140 3030 1175 3084 N.

163 3130 195 3138 -
221 3104 236 3152 9
260 3097 351 3168 ἄγαγ’
374 3099 436 3166 (τις.
455 3097 529 3152 litum.
547 3101 634 3155 αιτιαο
656 3101 717 3170 litt.)
737 3100 762 3154 V
786 3099 858 3172 ἀὰγ
876 3101 978 3154 ABLR
995 3099 1059 3156 etc
1083 3101 1122 3156 lit.
1143 3120 1177 3157 ια
1296 3117 1297 3162 ι

162 3170 284 3240 ἀγαγὼν.
313 3168 423 3239 άγαγου
438 3166 469 3220 G.
486 3199 519 3208 -
540 3174 572 3224 15
591 3170 660 3239 μετὰ
677 3180 766 3227 ταῦτα
785 3123 821 3227 λζ

162 3240 218 3294 AF.
238 3272 271 3281 —
293 3245 327 3293 22
345 3237 482 3305 ιιιννάραν
501 3238 548 3293 ΑΒ
571 3243 708 3313 τινυήραν
727 3243 796 3297 ΗΜ.

835 3171 892 3226 AG.
908 3204 943 3212 —
962 3177 995 3226 18
1014 3172 1045 3227 τὸ
1065 3180 1175 3244 πνεῦμα
1296 3187 1297 3218 ι

236 3403 249 3451 1
270 3398 309 3460 εἰς
327 3413 376 3452 ουτ.
392 3396 421 3450 Ρ.
437 3429 470 3437 -
490 3403 506 3451 3
524 3400 555 3455 τὸ
574 3402 674 3457 λοιπὸν
688 3403 717 3456 Ρ.
734 3434 767 3443 -
787 3408 802 3455 7
819 3404 906 3456 σαοίιλ
924 3401 955 3456 ἐκ
974 3405 1063 3472 φυλῆς
1081 3404 1175 3474 βενια·
1295 3453 1296 3458 ,

163 3468 211 3537 μλν
230 3469 259 3521 Ρ.
284 3499 317 3508 -
341 3472 426 3522 9τοῦ
448 3471 533 3542 θεοῦ]
556 3470 655 3539 κυρίου
674 3473 703 3526 P.
728 3505 762 3512 -
786 3479 819 3527 10
843 3474 936 3527 αὐτῶν
961 3474 1040 3542 παρὰ
1063 3474 1175 3544 γνώμην
1295 3487 1296 3540 3

163 3543 235 3592 θεοῦ
249 3537 278 3590 P.
294 3569 328 3578 -
342 3537 500 3611 προφήτου]
514 3542 639 3612 σαμυυήλ
652 3545 682 3598 P.
699 3576 732 3585 -
750 3550 782 3598 19
797 3545 923 3613 πονηρὸν
937 3545 1016 3613 παρὰ
1029 3543 1129 3612 ιινρίου
1143 3545 1174 3599 P.
1295 3545 1296 3560 ¹

165 3640 198 3649 -
213 3606 307 3664 είνειια
320 3609 349 3662 Ρ.
365 3641 398 3649 -
412 3611 483 3678 πρὸς
501 3613 587 3668 αὐτὸν
606 3615 636 3668 ἐκ
650 3616 767 3687 βιθλεὲμ
780 3615 820 3679 εἰς
833 3614 863 3668 Β.
876 3646 909 3655 -
927 3621 961 3670 20
975 3614 1028 3687 γάρ
1043 3633 1130 3686 φησιν
1144 3617 1175 3670 Ρ.
