<?xml version="1.0" encoding="UTF-8"?>
<!DOCTYPE html PUBLIC "-//W3C//DTD XHTML 1.0 Transitional//EN"
    "http://www.w3.org/TR/xhtml1/DTD/xhtml1-transitional.dtd">
<html xmlns="http://www.w3.org/1999/xhtml" xml:lang="en" lang="en">
 <head>
  <title>
</title>
<meta http-equiv="Content-Type" content="text/html;charset=utf-8" />
  <meta name='ocr-system' content='tesseract 3.04.00' />
  <meta name='ocr-capabilities' content='ocr_page ocr_carea ocr_par ocr_line ocrx_word'/>
</head>
<body>
  <div class='ocr_page' id='page_1' title='image "./georgiimonachic01boorgoog_0085.png"; bbox 0 0 2617 3909; ppageno 0'>
   <div class='ocr_carea' id='block_1_1' title="bbox 531 270 1139 325">
    <p class='ocr_par' dir='ltr' id='par_1_1' title="bbox 531 270 1139 325">
     <span class='ocr_line' id='line_1_1' title="bbox 531 270 1139 325; baseline 0.003 -4"><span class='ocrx_word' id='word_1_1' title='bbox 531 270 732 323; x_wconf 82' lang='lat' dir='ltr'>PRAEFATIO</span> <span class='ocrx_word' id='word_1_2' title='bbox 1024 273 1139 325; x_wconf 83' lang='lat' dir='ltr'>LXXXI</span> 
     </span>
    </p>
   </div>
   <div class='ocr_carea' id='block_1_2' title="bbox 121 420 1164 2192">
    <p class='ocr_par' dir='ltr' id='par_1_2' title="bbox 121 420 1141 856">
     <span class='ocr_line' id='line_1_2' title="bbox 122 420 1140 500; baseline 0.001 -20"><span class='ocrx_word' id='word_1_3' title='bbox 122 421 226 481; x_wconf 86' lang='lat' dir='ltr'><strong>ordine</strong></span> <span class='ocrx_word' id='word_1_4' title='bbox 250 438 383 480; x_wconf 88' lang='lat' dir='ltr'><strong>sermone</strong></span> <span class='ocrx_word' id='word_1_5' title='bbox 401 422 480 480; x_wconf 87' lang='lat' dir='ltr'><strong>inter</strong></span> <span class='ocrx_word' id='word_1_6' title='bbox 499 439 530 479; x_wconf 90' lang='lat' dir='ltr'><strong>se</strong></span> <span class='ocrx_word' id='word_1_7' title='bbox 549 420 727 496; x_wconf 83' lang='lat' dir='ltr'><strong>discrepant.</strong></span> <span class='ocrx_word' id='word_1_8' title='bbox 764 420 833 479; x_wconf 86' lang='lat' dir='ltr'><strong>Non</strong></span> <span class='ocrx_word' id='word_1_9' title='bbox 850 421 946 500; x_wconf 88' lang='lat' dir='ltr'><strong>igitur</strong></span> <span class='ocrx_word' id='word_1_10' title='bbox 964 440 1000 480; x_wconf 93' lang='lat' dir='ltr'><strong>ea</strong></span> <span class='ocrx_word' id='word_1_11' title='bbox 1017 421 1056 479; x_wconf 81' lang='lat' dir='ltr'><strong>ab</strong></span> <span class='ocrx_word' id='word_1_12' title='bbox 1073 424 1140 498; x_wconf 87' lang='lat' dir='ltr'><strong>ipso</strong></span> 
     </span>
     <span class='ocr_line' id='line_1_3' title="bbox 124 508 1140 588; baseline 0.002 -19"><span class='ocrx_word' id='word_1_13' title='bbox 124 510 251 588; x_wconf 77' lang='lat' dir='ltr'><strong>Georgio</strong></span> <span class='ocrx_word' id='word_1_14' title='bbox 265 511 378 586; x_wconf 79' lang='lat' dir='ltr'><strong>scripta</strong></span> <span class='ocrx_word' id='word_1_15' title='bbox 391 512 472 584; x_wconf 72' lang='lat' dir='ltr'><strong>sunt,</strong></span> <span class='ocrx_word' id='word_1_16' title='bbox 486 508 537 570; x_wconf 78' lang='lat' dir='ltr'><strong>secl</strong></span> <span class='ocrx_word' id='word_1_17' title='bbox 552 527 571 567; x_wconf 92' lang='lat' dir='ltr'><strong>a</strong></span> <span class='ocrx_word' id='word_1_18' title='bbox 583 509 799 585; x_wconf 87' lang='lat' dir='ltr'><strong>posterioribus</strong></span> <span class='ocrx_word' id='word_1_19' title='bbox 813 510 953 584; x_wconf 87' lang='lat' dir='ltr'><strong>librariis,</strong></span> <span class='ocrx_word' id='word_1_20' title='bbox 967 512 1003 569; x_wconf 83' lang='lat' dir='ltr'><strong>ut</strong></span> <span class='ocrx_word' id='word_1_21' title='bbox 1015 510 1140 571; x_wconf 80' lang='lat' dir='ltr'><strong>lectores</strong></span> 
     </span>
     <span class='ocr_line' id='line_1_4' title="bbox 124 598 1141 677; baseline -0.001 -19"><span class='ocrx_word' id='word_1_22' title='bbox 124 618 199 676; x_wconf 90' lang='lat' dir='ltr'><strong>quae</strong></span> <span class='ocrx_word' id='word_1_23' title='bbox 213 600 403 676; x_wconf 86' lang='lat' dir='ltr'><strong>potissimum</strong></span> <span class='ocrx_word' id='word_1_24' title='bbox 417 602 515 659; x_wconf 80' lang='lat' dir='ltr'><strong>essent</strong></span> <span class='ocrx_word' id='word_1_25' title='bbox 527 598 735 657; x_wconf 81' lang='lat' dir='ltr'><strong>memorabilia</strong></span> <span class='ocrx_word' id='word_1_26' title='bbox 749 598 948 675; x_wconf 62' lang='lat' dir='ltr'><strong>attenderent</strong></span> <span class='ocrx_word' id='word_1_27' title='bbox 960 602 993 659; x_wconf 91' lang='lat' dir='ltr'><strong>in</strong></span> <span class='ocrx_word' id='word_1_28' title='bbox 1005 602 1141 677; x_wconf 78' lang='lat' dir='ltr'><strong>margine</strong></span> 
     </span>
     <span class='ocr_line' id='line_1_5' title="bbox 123 687 1141 764; baseline 0.001 -17"><span class='ocrx_word' id='word_1_29' title='bbox 123 690 285 764; x_wconf 87' lang='lat' dir='ltr'><strong>proposita.</strong></span> <span class='ocrx_word' id='word_1_30' title='bbox 331 687 432 748; x_wconf 86' lang='lat' dir='ltr'><strong>Pauca</strong></span> <span class='ocrx_word' id='word_1_31' title='bbox 459 687 606 748; x_wconf 87' lang='lat' dir='ltr'><strong>eiusmodi</strong></span> <span class='ocrx_word' id='word_1_32' title='bbox 627 689 660 746; x_wconf 89' lang='lat' dir='ltr'><strong>in</strong></span> <span class='ocrx_word' id='word_1_33' title='bbox 682 687 713 744; x_wconf 89' lang='lat' dir='ltr'><strong><em>P</em></strong></span> <span class='ocrx_word' id='word_1_34' title='bbox 738 692 768 747; x_wconf 87' lang='lat' dir='ltr'><strong>et</strong></span> <span class='ocrx_word' id='word_1_35' title='bbox 789 688 973 764; x_wconf 88' lang='lat' dir='ltr'><strong>reliquorum</strong></span> <span class='ocrx_word' id='word_1_36' title='bbox 995 688 1141 748; x_wconf 88' lang='lat' dir='ltr'><strong>librorum</strong></span> 
     </span>
     <span class='ocr_line' id='line_1_6' title="bbox 121 777 752 856; baseline -0.005 -19"><span class='ocrx_word' id='word_1_37' title='bbox 121 777 528 856; x_wconf 83' lang='lat' dir='ltr'><strong>vetustiorum&#39;marginibus</strong></span> <span class='ocrx_word' id='word_1_38' title='bbox 550 777 752 837; x_wconf 83' lang='lat' dir='ltr'><strong>inveniuntur.</strong></span> 
     </span>
    </p>

    <p class='ocr_par' dir='ltr' id='par_1_3' title="bbox 122 864 1164 2192">
     <span class='ocr_line' id='line_1_7' title="bbox 188 864 1141 942; baseline 0.005 -18"><span class='ocrx_word' id='word_1_39' title='bbox 188 866 320 926; x_wconf 84' lang='lat' dir='ltr'><strong>Maiores·</strong></span> <span class='ocrx_word' id='word_1_40' title='bbox 349 867 480 925; x_wconf 73' lang='lat' dir='ltr'><strong>chronici</strong></span> <span class='ocrx_word' id='word_1_41' title='bbox 500 866 719 942; x_wconf 80' lang='lat' dir='ltr'><strong>&#39;inscriptiones</strong></span> <span class='ocrx_word' id='word_1_42' title='bbox 748 864 845 926; x_wconf 85' lang='lat' dir='ltr'><strong>tribus</strong></span> <span class='ocrx_word' id='word_1_43' title='bbox 878 867 951 927; x_wconf 88' lang='lat' dir='ltr'><strong>locis</strong></span> <span class='ocrx_word' id='word_1_44' title='bbox 982 869 1014 925; x_wconf 90' lang='lat' dir='ltr'><strong>in</strong></span> <span class='ocrx_word' id='word_1_45' title='bbox 1046 867 1141 942; x_wconf 83' lang='lat' dir='ltr'><strong>libris,</strong></span> 
     </span>
     <span class='ocr_line' id='line_1_8' title="bbox 126 955 1141 1032; baseline 0 -17"><span class='ocrx_word' id='word_1_46' title='bbox 126 958 195 1015; x_wconf 90' lang='lat' dir='ltr'><strong>aute</strong></span> <span class='ocrx_word' id='word_1_47' title='bbox 227 956 416 1032; x_wconf 88' lang='lat' dir='ltr'><strong>prooemium·</strong></span> <span class='ocrx_word' id='word_1_48' title='bbox 444 956 572 1030; x_wconf 83' lang='lat' dir='ltr'><strong>scilicet,</strong></span> <span class='ocrx_word' id='word_1_49' title='bbox 609 957 679 1014; x_wconf 86' lang='lat' dir='ltr'><strong>ante</strong></span> <span class='ocrx_word' id='word_1_50' title='bbox 711 955 843 1015; x_wconf 75' lang='lat' dir='ltr'><strong>chronici</strong></span> <span class='ocrx_word' id='word_1_51' title='bbox 876 959 976 1015; x_wconf 81' lang='lat' dir='ltr'><strong>textus</strong></span> <span class='ocrx_word' id='word_1_52' title='bbox 1011 955 1141 1031; x_wconf 86' lang='lat' dir='ltr'><strong>initium,</strong></span> 
     </span>
     <span class='ocr_line' id='line_1_9' title="bbox 123 1044 1139 1122; baseline 0.002 -19"><span class='ocrx_word' id='word_1_53' title='bbox 123 1066 151 1122; x_wconf 91' lang='lat' dir='ltr'><strong>p.</strong></span> <span class='ocrx_word' id='word_1_54' title='bbox 170 1046 224 1119; x_wconf 88' lang='grc'><strong>43,</strong></span> <span class='ocrx_word' id='word_1_55' title='bbox 247 1045 299 1104; x_wconf 91' lang='lat' dir='ltr'><strong>ubi</strong></span> <span class='ocrx_word' id='word_1_56' title='bbox 317 1044 447 1105; x_wconf 85' lang='lat' dir='ltr'><strong>secunda</strong></span> <span class='ocrx_word' id='word_1_57' title='bbox 464 1044 502 1103; x_wconf 86' lang='lat' dir='ltr'><strong>de</strong></span> <span class='ocrx_word' id='word_1_58' title='bbox 519 1044 636 1103; x_wconf 81' lang='lat' dir='ltr'><strong>Adamo</strong></span> <span class='ocrx_word' id='word_1_59' title='bbox 654 1045 789 1103; x_wconf 80' lang='lat' dir='ltr'><strong>narratio</strong></span> <span class='ocrx_word' id='word_1_60' title='bbox 802 1046 919 1120; x_wconf 78' lang='lat' dir='ltr'><strong>incipit,</strong></span> <span class='ocrx_word' id='word_1_61' title='bbox 937 1045 1139 1105; x_wconf 82' lang='lat' dir='ltr'><strong>inveniuntur.</strong></span> 
     </span>
     <span class='ocr_line' id='line_1_10' title="bbox 123 1133 1140 1210; baseline 0.001 -18"><span class='ocrx_word' id='word_1_62' title='bbox 123 1134 235 1209; x_wconf 86' lang='lat' dir='ltr'><strong>Prima,</strong></span> <span class='ocrx_word' id='word_1_63' title='bbox 258 1153 325 1194; x_wconf 90' lang='lat' dir='ltr'><strong>cum</strong></span> <span class='ocrx_word' id='word_1_64' title='bbox 347 1135 526 1193; x_wconf 85' lang='lat' dir='ltr'><strong>vetustiores</strong></span> <span class='ocrx_word' id='word_1_65' title='bbox 548 1133 619 1192; x_wconf 88' lang='lat' dir='ltr'><strong>libri</strong></span> <span class='ocrx_word' id='word_1_66' title='bbox 641 1134 778 1210; x_wconf 88' lang='lat' dir='ltr'><strong>plerique</strong></span> <span class='ocrx_word' id='word_1_67' title='bbox 799 1134 889 1192; x_wconf 85' lang='lat' dir='ltr'><strong>initio</strong></span> <span class='ocrx_word' id='word_1_68' title='bbox 911 1134 1047 1192; x_wconf 84' lang='lat' dir='ltr'><strong>mutilati</strong></span> <span class='ocrx_word' id='word_1_69' title='bbox 1071 1135 1140 1209; x_wconf 62' lang='lat' dir='ltr'><strong>sint,</strong></span> 
     </span>
     <span class='ocr_line' id='line_1_11' title="bbox 122 1221 1140 1303; baseline 0.002 -23"><span class='ocrx_word' id='word_1_70' title='bbox 122 1224 155 1281; x_wconf 90' lang='lat' dir='ltr'><strong>in</strong></span> <span class='ocrx_word' id='word_1_71' title='bbox 177 1223 281 1300; x_wconf 81' lang='lat' dir='ltr'><strong>paucis</strong></span> <span class='ocrx_word' id='word_1_72' title='bbox 304 1226 444 1299; x_wconf 86' lang='lat' dir='ltr'><strong>superest.</strong></span> <span class='ocrx_word' id='word_1_73' title='bbox 481 1221 582 1281; x_wconf 88' lang='lat' dir='ltr'><strong>Verba</strong></span> <span class='ocrx_word' id='word_1_74' title='bbox 601 1224 735 1281; x_wconf 85' lang='lat' dir='ltr'><strong>continet</strong></span> <span class='ocrx_word' id='word_1_75' title='bbox 756 1224 789 1280; x_wconf 91' lang='lat' dir='ltr'><strong>in</strong></span> <span class='ocrx_word' id='word_1_76' title='bbox 806 1221 954 1282; x_wconf 88' lang='lat' dir='ltr'><strong>Vaticano</strong></span> <span class='ocrx_word' id='word_1_77' title='bbox 976 1222 1038 1281; x_wconf 84' lang='lat'><strong>153</strong></span> <span class='ocrx_word' id='word_1_78' title='bbox 1058 1222 1140 1303; x_wconf 76' lang='grc' dir='ltr'><strong><em>Πρό</em></strong></span> 
     </span>
     <span class='ocr_line' id='line_1_12' title="bbox 123 1310 1140 1393; baseline -0.001 -22"><span class='ocrx_word' id='word_1_79' title='bbox 123 1316 210 1393; x_wconf 88' lang='grc' dir='ltr'><strong><em>λογος</em></strong></span> <span class='ocrx_word' id='word_1_80' title='bbox 224 1320 363 1391; x_wconf 65' lang='grc' dir='ltr'><strong><em>χρονικοῖς</em></strong></span> <span class='ocrx_word' id='word_1_81' title='bbox 377 1310 506 1393; x_wconf 87' lang='grc' dir='ltr'><strong><em>ίστορίας</em></strong></span> <span class='ocrx_word' id='word_1_82' title='bbox 520 1310 671 1391; x_wconf 84' lang='grc' dir='ltr'><strong><em>Γεωργίοο</em></strong></span> <span class='ocrx_word' id='word_1_83' title='bbox 686 1319 825 1391; x_wconf 79' lang='grc' dir='ltr'><strong><em>μοναγοό.</em></strong></span> <span class='ocrx_word' id='word_1_84' title='bbox 862 1310 898 1370; x_wconf 91' lang='lat' dir='ltr'><strong>In</strong></span> <span class='ocrx_word' id='word_1_85' title='bbox 911 1310 1060 1371; x_wconf 86' lang='lat' dir='ltr'><strong>Vaticano</strong></span> <span class='ocrx_word' id='word_1_86' title='bbox 1076 1314 1140 1371; x_wconf 81' lang='lat'><strong>154</strong></span> 
     </span>
     <span class='ocr_line' id='line_1_13' title="bbox 123 1399 1140 1481; baseline -0.001 -20"><span class='ocrx_word' id='word_1_87' title='bbox 123 1405 192 1477; x_wconf 86' lang='lat' dir='ltr'><strong>post</strong></span> <span class='ocrx_word' id='word_1_88' title='bbox 214 1401 306 1460; x_wconf 88' lang='lat' dir='ltr'><strong>verba</strong></span> <span class='ocrx_word' id='word_1_89' title='bbox 327 1400 472 1481; x_wconf 74' lang='grc' dir='ltr'><strong><em>πρόλογος</em></strong></span> <span class='ocrx_word' id='word_1_90' title='bbox 489 1408 629 1481; x_wconf 80' lang='grc' dir='ltr'><strong><em>γρονικῆς</em></strong></span> <span class='ocrx_word' id='word_1_91' title='bbox 652 1399 781 1480; x_wconf 77' lang='grc' dir='ltr'><strong><em>ἱστορίας</em></strong></span> <span class='ocrx_word' id='word_1_92' title='bbox 799 1400 891 1460; x_wconf 85' lang='lat' dir='ltr'><strong>verba</strong></span> <span class='ocrx_word' id='word_1_93' title='bbox 908 1401 1054 1460; x_wconf 87' lang='lat' dir='ltr'><strong>nonnulla</strong></span> <span class='ocrx_word' id='word_1_94' title='bbox 1072 1419 1140 1460; x_wconf 87' lang='lat' dir='ltr'><strong>eva·</strong></span> 
     </span>
     <span class='ocr_line' id='line_1_14' title="bbox 123 1489 1139 1568; baseline 0.001 -20"><span class='ocrx_word' id='word_1_95' title='bbox 123 1492 266 1567; x_wconf 79' lang='lat' dir='ltr'><strong>nuerunt3</strong></span> <span class='ocrx_word' id='word_1_96' title='bbox 292 1491 453 1549; x_wconf 84' lang='lat' dir='ltr'><strong>verisimile</strong></span> <span class='ocrx_word' id='word_1_97' title='bbox 474 1490 569 1568; x_wconf 86' lang='lat' dir='ltr'><strong>igitur</strong></span> <span class='ocrx_word' id='word_1_98' title='bbox 591 1492 637 1549; x_wconf 89' lang='lat' dir='ltr'><strong>est</strong></span> <span class='ocrx_word' id='word_1_99' title='bbox 664 1492 697 1547; x_wconf 88' lang='lat' dir='ltr'><strong>in</strong></span> <span class='ocrx_word' id='word_1_100' title='bbox 718 1489 775 1548; x_wconf 93' lang='lat' dir='ltr'><strong>hoc</strong></span> <span class='ocrx_word' id='word_1_101' title='bbox 796 1489 875 1549; x_wconf 88' lang='lat' dir='ltr'><strong>libro</strong></span> <span class='ocrx_word' id='word_1_102' title='bbox 897 1492 929 1549; x_wconf 84' lang='lat' dir='ltr'><strong>et</strong></span> <span class='ocrx_word' id='word_1_103' title='bbox 954 1492 987 1547; x_wconf 87' lang='lat' dir='ltr'><strong>in</strong></span> <span class='ocrx_word' id='word_1_104' title='bbox 1009 1489 1139 1549; x_wconf 87' lang='lat' dir='ltr'><strong>Lauren-</strong></span> 
     </span>
     <span class='ocr_line' id='line_1_15' title="bbox 122 1578 1139 1654; baseline 0.001 -17"><span class='ocrx_word' id='word_1_105' title='bbox 122 1582 207 1639; x_wconf 84' lang='lat' dir='ltr'><strong>tiano</strong></span> <span class='ocrx_word' id='word_1_106' title='bbox 227 1579 351 1637; x_wconf 84' lang='lat' dir='ltr'><strong>eandem</strong></span> <span class='ocrx_word' id='word_1_107' title='bbox 373 1580 464 1639; x_wconf 85' lang='lat' dir='ltr'><strong>fuisse</strong></span> <span class='ocrx_word' id='word_1_108' title='bbox 487 1580 713 1654; x_wconf 76' lang='lat' dir='ltr'><strong>inscriptionem</strong></span> <span class='ocrx_word' id='word_1_109' title='bbox 735 1582 826 1653; x_wconf 85' lang='lat' dir='ltr'><strong>etque</strong></span> <span class='ocrx_word' id='word_1_110' title='bbox 847 1581 881 1639; x_wconf 91' lang='lat' dir='ltr'><strong>in</strong></span> <span class='ocrx_word' id='word_1_111' title='bbox 898 1578 1047 1639; x_wconf 88' lang='lat' dir='ltr'><strong>Vaticano</strong></span> <span class='ocrx_word' id='word_1_112' title='bbox 1068 1581 1139 1638; x_wconf 83' lang='grc'><strong>153.</strong></span> 
     </span>
     <span class='ocr_line' id='line_1_16' title="bbox 122 1666 1140 1749; baseline 0.004 -23"><span class='ocrx_word' id='word_1_113' title='bbox 122 1669 159 1727; x_wconf 91' lang='lat' dir='ltr'><strong>ln</strong></span> <span class='ocrx_word' id='word_1_114' title='bbox 181 1669 214 1727; x_wconf 92' lang='lat' dir='ltr'><em>D</em></span> <span class='ocrx_word' id='word_1_115' title='bbox 236 1669 382 1744; x_wconf 86' lang='lat' dir='ltr'><strong>scriptum</strong></span> <span class='ocrx_word' id='word_1_116' title='bbox 405 1670 451 1728; x_wconf 89' lang='lat' dir='ltr'><strong>est</strong></span> <span class='ocrx_word' id='word_1_117' title='bbox 473 1666 623 1749; x_wconf 83' lang='grc' dir='ltr'><strong><em>Γεωργίοο</em></strong></span> <span class='ocrx_word' id='word_1_118' title='bbox 641 1666 850 1745; x_wconf 77' lang='grc' dir='ltr'><strong><em>οἱποομενιποῦ</em></strong></span> <span class='ocrx_word' id='word_1_119' title='bbox 869 1667 1049 1728; x_wconf 79' lang='grc' dir='ltr'><strong><em>διδασκάλου</em></strong></span> <span class='ocrx_word' id='word_1_120' title='bbox 1067 1667 1140 1748; x_wconf 92' lang='grc' dir='ltr'><strong><em>πρό-</em></strong></span> 
     </span>
     <span class='ocr_line' id='line_1_17' title="bbox 123 1755 1145 1839; baseline 0 -22"><span class='ocrx_word' id='word_1_121' title='bbox 123 1760 211 1837; x_wconf 86' lang='grc' dir='ltr'><strong><em>λογος</em></strong></span> <span class='ocrx_word' id='word_1_122' title='bbox 233 1756 290 1817; x_wconf 74' lang='grc' dir='ltr'><strong>σὺν</strong></span> <span class='ocrx_word' id='word_1_123' title='bbox 312 1762 374 1839; x_wconf 77' lang='grc' dir='ltr'><strong>θεῷ</strong></span> <span class='ocrx_word' id='word_1_124' title='bbox 393 1764 533 1836; x_wconf 77' lang='grc' dir='ltr'><strong><em>χρονικῆς</em></strong></span> <span class='ocrx_word' id='word_1_125' title='bbox 556 1755 695 1834; x_wconf 78' lang='grc' dir='ltr'><strong><em>ἱστορίας,</em></strong></span> <span class='ocrx_word' id='word_1_126' title='bbox 716 1757 749 1813; x_wconf 87' lang='lat' dir='ltr'><strong>in</strong></span> <span class='ocrx_word' id='word_1_127' title='bbox 771 1755 865 1816; x_wconf 87' lang='lat' dir='ltr'><strong>Paris.</strong></span> <span class='ocrx_word' id='word_1_128' title='bbox 887 1759 973 1817; x_wconf 79' lang='lat'>1704</span> <span class='ocrx_word' id='word_1_129' title='bbox 996 1756 1145 1837; x_wconf 86' lang='grc' dir='ltr'><strong><em>πρόλογος</em></strong></span> 
     </span>
     <span class='ocr_line' id='line_1_18' title="bbox 123 1837 1140 1927; baseline 0 -22"><span class='ocrx_word' id='word_1_130' title='bbox 123 1848 263 1926; x_wconf 77' lang='grc' dir='ltr'><strong><em>γρονικῆς</em></strong></span> <span class='ocrx_word' id='word_1_131' title='bbox 276 1844 414 1926; x_wconf 75' lang='grc' dir='ltr'><strong><em>ἱστορίας</em></strong></span> <span class='ocrx_word' id='word_1_132' title='bbox 449 1846 485 1905; x_wconf 90' lang='lat' dir='ltr'><strong>In</strong></span> <span class='ocrx_word' id='word_1_133' title='bbox 502 1845 716 1905; x_wconf 89' lang='lat' dir='ltr'><strong>recentioribus</strong></span> <span class='ocrx_word' id='word_1_134' title='bbox 734 1845 819 1905; x_wconf 86' lang='lat' dir='ltr'><strong>libris</strong></span> <span class='ocrx_word' id='word_1_135' title='bbox 834 1837 892 1927; x_wconf 81' lang='lat' dir='ltr'><strong>(R)</strong></span> <span class='ocrx_word' id='word_1_136' title='bbox 911 1849 942 1905; x_wconf 80' lang='lat' dir='ltr'><strong>et</strong></span> <span class='ocrx_word' id='word_1_137' title='bbox 955 1846 985 1904; x_wconf 94' lang='lat' dir='ltr'><strong><em>P</em></strong></span> <span class='ocrx_word' id='word_1_138' title='bbox 1003 1864 1023 1905; x_wconf 91' lang='lat' dir='ltr'><strong>a</strong></span> <span class='ocrx_word' id='word_1_139' title='bbox 1040 1865 1140 1906; x_wconf 89' lang='lat' dir='ltr'><strong>recen-</strong></span> 
     </span>
     <span class='ocr_line' id='line_1_19' title="bbox 123 1932 1164 2012; baseline 0.001 -18"><span class='ocrx_word' id='word_1_140' title='bbox 123 1938 200 1995; x_wconf 79' lang='lat' dir='ltr'><strong>tiore</strong></span> <span class='ocrx_word' id='word_1_141' title='bbox 222 1952 314 1993; x_wconf 87' lang='lat' dir='ltr'><strong>manu</strong></span> <span class='ocrx_word' id='word_1_142' title='bbox 337 1934 475 2011; x_wconf 87' lang='lat' dir='ltr'><strong>suppleto</strong></span> <span class='ocrx_word' id='word_1_143' title='bbox 498 1937 596 1994; x_wconf 82' lang='lat' dir='ltr'><strong>exstet</strong></span> <span class='ocrx_word' id='word_1_144' title='bbox 622 1934 684 1993; x_wconf 86' lang='lat' dir='ltr'><strong>ism</strong></span> <span class='ocrx_word' id='word_1_145' title='bbox 706 1935 836 1994; x_wconf 83' lang='lat' dir='ltr'><strong>secunda</strong></span> <span class='ocrx_word' id='word_1_146' title='bbox 857 1934 1027 2011; x_wconf 77' lang='lat' dir='ltr'><strong>inscriptio,</strong></span> <span class='ocrx_word' id='word_1_147' title='bbox 1050 1932 1164 2012; x_wconf 77' lang='lat' dir='ltr'><strong>quam</strong></span> 
     </span>
     <span class='ocr_line' id='line_1_20' title="bbox 124 2022 1140 2104; baseline 0 -21"><span class='ocrx_word' id='word_1_148' title='bbox 124 2028 289 2103; x_wconf 82' lang='lat' dir='ltr'><strong>sequuntur</strong></span> <span class='ocrx_word' id='word_1_149' title='bbox 306 2024 338 2082; x_wconf 92' lang='lat' dir='ltr'><strong>in</strong></span> <span class='ocrx_word' id='word_1_150' title='bbox 351 2024 382 2081; x_wconf 90' lang='lat' dir='ltr'><strong><em>P</em></strong></span> <span class='ocrx_word' id='word_1_151' title='bbox 399 2024 491 2083; x_wconf 84' lang='lat' dir='ltr'><strong>verba</strong></span> <span class='ocrx_word' id='word_1_152' title='bbox 509 2022 654 2103; x_wconf 79' lang='grc' dir='ltr'><strong><em>πρόλογος</em></strong></span> <span class='ocrx_word' id='word_1_153' title='bbox 672 2032 810 2103; x_wconf 80' lang='grc' dir='ltr'><strong><em>γρονιπῆς</em></strong></span> <span class='ocrx_word' id='word_1_154' title='bbox 828 2023 969 2104; x_wconf 84' lang='grc' dir='ltr'><strong><em>ἱστορίας,</em></strong></span> <span class='ocrx_word' id='word_1_155' title='bbox 991 2025 1024 2081; x_wconf 92' lang='lat' dir='ltr'><strong>in</strong></span> <span class='ocrx_word' id='word_1_156' title='bbox 1036 2023 1140 2085; x_wconf 86' lang='lat' dir='ltr'><strong>Mona·</strong></span> 
     </span>
     <span class='ocr_line' id='line_1_21' title="bbox 124 2104 1145 2192; baseline 0.002 -21"><span class='ocrx_word' id='word_1_157' title='bbox 124 2104 204 2173; x_wconf 90' lang='lat' dir='ltr'><strong>censi</strong></span> <span class='ocrx_word' id='word_1_158' title='bbox 225 2115 287 2173; x_wconf 83' lang='grc'><strong>139</strong></span> <span class='ocrx_word' id='word_1_159' title='bbox 312 2116 342 2173; x_wconf 88' lang='lat' dir='ltr'><strong>et</strong></span> <span class='ocrx_word' id='word_1_160' title='bbox 361 2112 475 2173; x_wconf 79' lang='lat' dir='ltr'><strong>(linensi</strong></span> <span class='ocrx_word' id='word_1_161' title='bbox 497 2111 677 2172; x_wconf 81' lang='lat' dir='ltr'><strong>vocabulum</strong></span> <span class='ocrx_word' id='word_1_162' title='bbox 697 2112 852 2192; x_wconf 85' lang='grc' dir='ltr'><strong><em>πρόλογος,</em></strong></span> <span class='ocrx_word' id='word_1_163' title='bbox 873 2114 906 2171; x_wconf 90' lang='lat' dir='ltr'><strong>in</strong></span> <span class='ocrx_word' id='word_1_164' title='bbox 929 2112 1034 2173; x_wconf 84' lang='lat' dir='ltr'><strong>ceteris</strong></span> <span class='ocrx_word' id='word_1_165' title='bbox 1052 2131 1145 2173; x_wconf 70' lang='lat' dir='ltr'><strong>voca·</strong></span> 
     </span>
    </p>
   </div>
   <div class='ocr_carea' id='block_1_3' title="bbox 122 2199 1244 2282">
    <p class='ocr_par' dir='ltr' id='par_1_4' title="bbox 122 2199 1244 2282">
     <span class='ocr_line' id='line_1_22' title="bbox 122 2199 1244 2282; baseline 0.001 -21"><span class='ocrx_word' id='word_1_166' title='bbox 122 2202 228 2261; x_wconf 91' lang='lat' dir='ltr'><strong>bulum</strong></span> <span class='ocrx_word' id='word_1_167' title='bbox 250 2202 415 2282; x_wconf 86' lang='grc' dir='ltr'><strong><em>προοίμιον.</em></strong></span> <span class='ocrx_word' id='word_1_168' title='bbox 461 2200 565 2279; x_wconf 89' lang='lat' dir='ltr'><strong>Ipsum</strong></span> <span class='ocrx_word' id='word_1_169' title='bbox 588 2199 752 2279; x_wconf 76' lang='lat' dir='ltr'><strong>Georgium</strong></span> <span class='ocrx_word' id='word_1_170' title='bbox 774 2201 877 2261; x_wconf 83' lang='lat' dir='ltr'><strong>eadem</strong></span> <span class='ocrx_word' id='word_1_171' title='bbox 900 2220 978 2276; x_wconf 88' lang='lat' dir='ltr'><strong>quae</strong></span> <span class='ocrx_word' id='word_1_172' title='bbox 999 2201 1140 2262; x_wconf 86' lang='lat' dir='ltr'><strong>Vaticani</strong></span> <span class='ocrx_word' id='word_1_173' title='bbox 1242 2215 1244 2220; x_wconf 85' lang='lat'>&#39;</span> 
     </span>
    </p>
   </div>
   <div class='ocr_carea' id='block_1_4' title="bbox 122 2290 1186 3787">
    <p class='ocr_par' dir='ltr' id='par_1_5' title="bbox 122 2290 1140 2439">
     <span class='ocr_line' id='line_1_23' title="bbox 126 2290 1140 2367; baseline 0.001 -18"><span class='ocrx_word' id='word_1_174' title='bbox 126 2294 189 2351; x_wconf 70' lang='lat'><strong>153</strong></span> <span class='ocrx_word' id='word_1_175' title='bbox 203 2291 361 2355; x_wconf 86' lang='lat' dir='ltr'><strong>librarium</strong></span> <span class='ocrx_word' id='word_1_176' title='bbox 379 2292 564 2367; x_wconf 78' lang='lat' dir='ltr'><strong>inscripsisse</strong></span> <span class='ocrx_word' id='word_1_177' title='bbox 582 2290 744 2351; x_wconf 86' lang='lat' dir='ltr'><strong>verisimile</strong></span> <span class='ocrx_word' id='word_1_178' title='bbox 762 2293 816 2366; x_wconf 89' lang='lat' dir='ltr'><strong>est,</strong></span> <span class='ocrx_word' id='word_1_179' title='bbox 835 2290 914 2365; x_wconf 81' lang='lat' dir='ltr'><strong>quod</strong></span> <span class='ocrx_word' id='word_1_180' title='bbox 932 2294 1034 2350; x_wconf 86' lang='lat' dir='ltr'><strong>tamen</strong></span> <span class='ocrx_word' id='word_1_181' title='bbox 1051 2292 1140 2351; x_wconf 90' lang='lat' dir='ltr'><strong>unius</strong></span> 
     </span>
     <span class='ocr_line' id='line_1_24' title="bbox 122 2380 671 2439; baseline -0.004 0"><span class='ocrx_word' id='word_1_182' title='bbox 122 2384 242 2439; x_wconf 80' lang='lat' dir='ltr'><strong>tantum</strong></span> <span class='ocrx_word' id='word_1_183' title='bbox 265 2380 491 2439; x_wconf 85' lang='lat' dir='ltr'><strong>familiaelibri</strong></span> <span class='ocrx_word' id='word_1_184' title='bbox 512 2382 671 2439; x_wconf 80' lang='lat' dir='ltr'><strong>testentur.</strong></span> 
     </span>
    </p>

    <p class='ocr_par' dir='ltr' id='par_1_6' title="bbox 122 2468 1186 3700">
     <span class='ocr_line' id='line_1_25' title="bbox 130 2468 1140 2545; baseline 0 -17"><span class='ocrx_word' id='word_1_185' title='bbox 130 2510 133 2517; x_wconf 31' lang='lat' dir='ltr'><strong>t</strong></span> <span class='ocrx_word' id='word_1_186' title='bbox 193 2468 276 2539; x_wconf 83' lang='lat' dir='ltr'><strong>Quae</strong></span> <span class='ocrx_word' id='word_1_187' title='bbox 294 2474 363 2529; x_wconf 85' lang='lat' dir='ltr'><strong>ante</strong></span> <span class='ocrx_word' id='word_1_188' title='bbox 377 2472 476 2529; x_wconf 83' lang='lat' dir='ltr'><strong>textus</strong></span> <span class='ocrx_word' id='word_1_189' title='bbox 494 2470 616 2528; x_wconf 88' lang='lat' dir='ltr'><strong>initium</strong></span> <span class='ocrx_word' id='word_1_190' title='bbox 630 2468 767 2529; x_wconf 85' lang='lat' dir='ltr'><strong>exstabat</strong></span> <span class='ocrx_word' id='word_1_191' title='bbox 784 2470 942 2545; x_wconf 86' lang='lat' dir='ltr'><strong>inscriptio</strong></span> <span class='ocrx_word' id='word_1_192' title='bbox 959 2469 999 2529; x_wconf 81' lang='lat' dir='ltr'><strong>ad</strong></span> <span class='ocrx_word' id='word_1_193' title='bbox 1016 2468 1140 2530; x_wconf 81' lang='lat' dir='ltr'><strong>verbum</strong></span> 
     </span>
     <span class='ocr_line' id='line_1_26' title="bbox 123 2556 1141 2637; baseline 0.001 -20"><span class='ocrx_word' id='word_1_194' title='bbox 123 2561 244 2619; x_wconf 77' lang='lat' dir='ltr'><strong>restitui</strong></span> <span class='ocrx_word' id='word_1_195' title='bbox 266 2561 372 2636; x_wconf 82' lang='lat' dir='ltr'><strong>potest.</strong></span> <span class='ocrx_word' id='word_1_196' title='bbox 414 2558 450 2617; x_wconf 89' lang='lat' dir='ltr'><strong>In</strong></span> <span class='ocrx_word' id='word_1_197' title='bbox 467 2558 498 2615; x_wconf 92' lang='lat' dir='ltr'><strong><em>P</em></strong></span> <span class='ocrx_word' id='word_1_198' title='bbox 516 2558 559 2617; x_wconf 89' lang='lat' dir='ltr'><strong>sic</strong></span> <span class='ocrx_word' id='word_1_199' title='bbox 582 2557 752 2617; x_wconf 80' lang='lat' dir='ltr'><strong>exhibetur:</strong></span> <span class='ocrx_word' id='word_1_200' title='bbox 767 2556 920 2637; x_wconf 82' lang='grc' dir='ltr'><strong><em>Χροντκόν</em></strong></span> <span class='ocrx_word' id='word_1_201' title='bbox 933 2557 1091 2637; x_wconf 50' lang='grc' dir='ltr'><strong><em>’σύντομον</em></strong></span> <span class='ocrx_word' id='word_1_202' title='bbox 1108 2556 1141 2618; x_wconf 78' lang='grc' dir='ltr'><strong>ἐκ</strong></span> 
     </span>
     <span class='ocr_line' id='line_1_27' title="bbox 124 2643 1141 2728; baseline 0 -20"><span class='ocrx_word' id='word_1_203' title='bbox 124 2645 280 2727; x_wconf 80' lang='grc' dir='ltr'><strong><em>διαφόρων</em></strong></span> <span class='ocrx_word' id='word_1_204' title='bbox 302 2646 516 2728; x_wconf 78' lang='grc' dir='ltr'><strong><em>γρονογρόφτον</em></strong></span> <span class='ocrx_word' id='word_1_205' title='bbox 538 2666 569 2706; x_wconf 82' lang='grc' dir='ltr'><strong>τε</strong></span> <span class='ocrx_word' id='word_1_206' title='bbox 591 2643 642 2706; x_wconf 79' lang='grc' dir='ltr'><strong>καί</strong></span> <span class='ocrx_word' id='word_1_207' title='bbox 663 2644 814 2727; x_wconf 76' lang='grc' dir='ltr'><strong><em>ἐξηγητῶν</em></strong></span> <span class='ocrx_word' id='word_1_208' title='bbox 837 2643 975 2726; x_wconf 73' lang='grc' dir='ltr'><strong><em>σολλεγὶν</em></strong></span> <span class='ocrx_word' id='word_1_209' title='bbox 995 2644 1049 2707; x_wconf 79' lang='grc' dir='ltr'><strong>καί</strong></span> <span class='ocrx_word' id='word_1_210' title='bbox 1068 2662 1141 2708; x_wconf 85' lang='grc' dir='ltr'><strong><em>σον-</em></strong></span> 
     </span>
     <span class='ocr_line' id='line_1_28' title="bbox 123 2732 1145 2817; baseline -0.001 -21"><span class='ocrx_word' id='word_1_211' title='bbox 123 2733 211 2797; x_wconf 77' lang='grc' dir='ltr'><strong><em>τεθὲν</em></strong></span> <span class='ocrx_word' id='word_1_212' title='bbox 233 2733 292 2795; x_wconf 70' lang='lat' dir='ltr'><strong>ont</strong></span> <span class='ocrx_word' id='word_1_213' title='bbox 315 2735 465 2817; x_wconf 79' lang='grc' dir='ltr'><strong><em>Γεωργίοο</em></strong></span> <span class='ocrx_word' id='word_1_214' title='bbox 488 2732 663 2815; x_wconf 80' lang='grc' dir='ltr'><strong><em>ἆμαρταλοῦ</em></strong></span> <span class='ocrx_word' id='word_1_215' title='bbox 686 2742 827 2814; x_wconf 64' lang='lat' dir='ltr'><strong>peraget.</strong></span> <span class='ocrx_word' id='word_1_216' title='bbox 867 2736 982 2812; x_wconf 81' lang='lat' dir='ltr'><strong>Neque</strong></span> <span class='ocrx_word' id='word_1_217' title='bbox 997 2736 1145 2799; x_wconf 75' lang='lat' dir='ltr'><strong>shtsrin</strong></span> 
     </span>
     <span class='ocr_line' id='line_1_29' title="bbox 124 2824 1139 2901; baseline -0.001 -16"><span class='ocrx_word' id='word_1_218' title='bbox 124 2826 225 2886; x_wconf 81' lang='lat' dir='ltr'><strong>codice</strong></span> <span class='ocrx_word' id='word_1_219' title='bbox 243 2828 398 2886; x_wconf 75' lang='lat' dir='ltr'><strong>rehactati</strong></span> <span class='ocrx_word' id='word_1_220' title='bbox 417 2826 549 2885; x_wconf 87' lang='lat' dir='ltr'><strong>chronici</strong></span> <span class='ocrx_word' id='word_1_221' title='bbox 567 2824 731 2901; x_wconf 84' lang='lat' dir='ltr'><strong>archetypo</strong></span> <span class='ocrx_word' id='word_1_222' title='bbox 745 2826 1000 2900; x_wconf 85' lang='lat' dir='ltr'><strong>scriptum-fuisse</strong></span> <span class='ocrx_word' id='word_1_223' title='bbox 1014 2829 1139 2886; x_wconf 86' lang='lat' dir='ltr'><strong>constat.</strong></span> 
     </span>
     <span class='ocr_line' id='line_1_30' title="bbox 123 2913 1138 2991; baseline -0.003 -17"><span class='ocrx_word' id='word_1_224' title='bbox 123 2915 284 2991; x_wconf 80' lang='lat' dir='ltr'><strong>Discrepat</strong></span> <span class='ocrx_word' id='word_1_225' title='bbox 301 2934 376 2975; x_wconf 88' lang='lat' dir='ltr'><strong>sane</strong></span> <span class='ocrx_word' id='word_1_226' title='bbox 399 2914 588 2991; x_wconf 86' lang='lat' dir='ltr'><strong>aliquantum</strong></span> <span class='ocrx_word' id='word_1_227' title='bbox 609 2915 643 2972; x_wconf 89' lang='lat' dir='ltr'><strong>in</strong></span> <span class='ocrx_word' id='word_1_228' title='bbox 665 2914 762 2974; x_wconf 82' lang='lat' dir='ltr'><strong>altera</strong></span> <span class='ocrx_word' id='word_1_229' title='bbox 778 2913 868 2975; x_wconf 88' lang='lat' dir='ltr'><strong>huius</strong></span> <span class='ocrx_word' id='word_1_230' title='bbox 886 2914 1020 2974; x_wconf 82' lang='lat' dir='ltr'><strong>familiae</strong></span> <span class='ocrx_word' id='word_1_231' title='bbox 1038 2915 1138 2990; x_wconf 83' lang='lat' dir='ltr'><strong>stirpe.</strong></span> 
     </span>
     <span class='ocr_line' id='line_1_31' title="bbox 123 3002 1141 3084; baseline 0.002 -23"><span class='ocrx_word' id='word_1_232' title='bbox 123 3002 228 3065; x_wconf 79' lang='lat' dir='ltr'><strong>Veluti</strong></span> <span class='ocrx_word' id='word_1_233' title='bbox 250 3002 289 3063; x_wconf 90' lang='lat' dir='ltr'><strong>in·</strong></span> <span class='ocrx_word' id='word_1_234' title='bbox 304 3002 335 3062; x_wconf 89' lang='lat' dir='ltr'><em>B</em></span> <span class='ocrx_word' id='word_1_235' title='bbox 361 3002 454 3065; x_wconf 77' lang='lat' dir='ltr'><strong>verba</strong></span> <span class='ocrx_word' id='word_1_236' title='bbox 474 3005 595 3063; x_wconf 78' lang='lat' dir='ltr'><strong>tantum</strong></span> <span class='ocrx_word' id='word_1_237' title='bbox 624 3006 744 3063; x_wconf 59' lang='lat' dir='ltr'><strong>exeunt</strong></span> <span class='ocrx_word' id='word_1_238' title='bbox 764 3002 970 3084; x_wconf 76' lang='grc' dir='ltr'><strong><em>χρονογρόφος</em></strong></span> <span class='ocrx_word' id='word_1_239' title='bbox 990 3002 1141 3082; x_wconf 81' lang='grc' dir='ltr'><strong><em>Γεοργίοο</em></strong></span> 
     </span>
     <span class='ocr_line' id='line_1_32' title="bbox 122 3090 1140 3172; baseline -0.004 -19"><span class='ocrx_word' id='word_1_240' title='bbox 122 3100 272 3172; x_wconf 74' lang='grc' dir='ltr'><strong><em>ροναγοό,</em></strong></span> <span class='ocrx_word' id='word_1_241' title='bbox 294 3094 327 3151; x_wconf 90' lang='lat' dir='ltr'><strong>in</strong></span> <span class='ocrx_word' id='word_1_242' title='bbox 349 3090 388 3169; x_wconf 84' lang='lat' dir='ltr'><strong>G,</strong></span> <span class='ocrx_word' id='word_1_243' title='bbox 418 3092 470 3151; x_wconf 85' lang='lat' dir='ltr'><strong>uhi</strong></span> <span class='ocrx_word' id='word_1_244' title='bbox 494 3090 620 3151; x_wconf 79' lang='lat' dir='ltr'><strong>(ledreni</strong></span> <span class='ocrx_word' id='word_1_245' title='bbox 646 3110 755 3151; x_wconf 89' lang='lat' dir='ltr'><strong>nomen</strong></span> <span class='ocrx_word' id='word_1_246' title='bbox 776 3094 923 3152; x_wconf 88' lang='lat' dir='ltr'><strong>insertum</strong></span> <span class='ocrx_word' id='word_1_247' title='bbox 946 3095 1004 3165; x_wconf 82' lang='lat' dir='ltr'><strong>est,</strong></span> <span class='ocrx_word' id='word_1_248' title='bbox 1026 3091 1069 3153; x_wconf 90' lang='lat' dir='ltr'><strong>sic</strong></span> <span class='ocrx_word' id='word_1_249' title='bbox 1091 3110 1140 3152; x_wconf 89' lang='lat' dir='ltr'><strong>cx·</strong></span> 
     </span>
     <span class='ocr_line' id='line_1_33' title="bbox 122 3176 1140 3261; baseline -0.001 -20"><span class='ocrx_word' id='word_1_250' title='bbox 122 3182 263 3242; x_wconf 74' lang='lat' dir='ltr'><strong>hibeturt</strong></span> <span class='ocrx_word' id='word_1_251' title='bbox 279 3179 600 3261; x_wconf 78' lang='grc' dir='ltr'><strong><em>Χρονιπόνσόντογμα</em></strong></span> <span class='ocrx_word' id='word_1_252' title='bbox 618 3178 709 3241; x_wconf 74' lang='lat' dir='ltr'><strong>hr-</strong></span> <span class='ocrx_word' id='word_1_253' title='bbox 722 3178 864 3261; x_wconf 79' lang='grc' dir='ltr'><strong><em>σολλεγίν-</em></strong></span> <span class='ocrx_word' id='word_1_254' title='bbox 878 3202 908 3241; x_wconf 85' lang='grc' dir='ltr'><strong>τε</strong></span> <span class='ocrx_word' id='word_1_255' title='bbox 927 3178 979 3240; x_wconf 76' lang='grc' dir='ltr'><strong>καί</strong></span> <span class='ocrx_word' id='word_1_256' title='bbox 996 3176 1140 3241; x_wconf 66' lang='grc' dir='ltr'><strong>συντεθὲν</strong></span> 
     </span>
     <span class='ocr_line' id='line_1_34' title="bbox 122 3267 1140 3351; baseline -0.002 -19"><span class='ocrx_word' id='word_1_257' title='bbox 122 3268 184 3333; x_wconf 77' lang='grc' dir='ltr'><strong>ὑπὸ</strong></span> <span class='ocrx_word' id='word_1_258' title='bbox 206 3269 358 3351; x_wconf 83' lang='grc' dir='ltr'><strong><em>Γεωργίοο</em></strong></span> <span class='ocrx_word' id='word_1_259' title='bbox 374 3267 559 3351; x_wconf 63' lang='grc' dir='ltr'><strong><em>’όμαρτωλοῦ</em></strong></span> <span class='ocrx_word' id='word_1_260' title='bbox 585 3276 639 3332; x_wconf 70' lang='grc' dir='ltr'><strong>τοῦ</strong></span> <span class='ocrx_word' id='word_1_261' title='bbox 660 3269 827 3350; x_wconf 77' lang='grc' dir='ltr'><strong><em>Κεόρηνοῦ.</em></strong></span> <span class='ocrx_word' id='word_1_262' title='bbox 872 3270 917 3329; x_wconf 80' lang='lat' dir='ltr'><strong>At</strong></span> <span class='ocrx_word' id='word_1_263' title='bbox 941 3272 976 3328; x_wconf 75' lang='lat' dir='ltr'><strong>in</strong></span> <span class='ocrx_word' id='word_1_264' title='bbox 999 3268 1140 3330; x_wconf 50' lang='lat' dir='ltr'><strong>‘omnihus</strong></span> 
     </span>
     <span class='ocr_line' id='line_1_35' title="bbox 123 3358 1140 3437; baseline -0.001 -16"><span class='ocrx_word' id='word_1_265' title='bbox 123 3360 249 3421; x_wconf 78' lang='lat' dir='ltr'><strong>alterius</strong></span> <span class='ocrx_word' id='word_1_266' title='bbox 267 3360 371 3436; x_wconf 77' lang='lat' dir='ltr'><strong>stirpis</strong></span> <span class='ocrx_word' id='word_1_267' title='bbox 383 3358 478 3436; x_wconf 82' lang='lat' dir='ltr'><strong>libris,</strong></span> <span class='ocrx_word' id='word_1_268' title='bbox 494 3358 706 3437; x_wconf 81' lang='lat' dir='ltr'><strong>praeterquam</strong></span> <span class='ocrx_word' id='word_1_269' title='bbox 724 3359 806 3434; x_wconf 79' lang='lat' dir='ltr'><strong>quod</strong></span> <span class='ocrx_word' id='word_1_270' title='bbox 821 3361 855 3419; x_wconf 89' lang='lat' dir='ltr'><strong>in</strong></span> <span class='ocrx_word' id='word_1_271' title='bbox 872 3360 1023 3436; x_wconf 88' lang='lat' dir='ltr'><strong>plerisque</strong></span> <span class='ocrx_word' id='word_1_272' title='bbox 1040 3377 1140 3420; x_wconf 82' lang='lat' dir='ltr'><strong>roccu-</strong></span> 
     </span>
     <span class='ocr_line' id='line_1_36' title="bbox 122 3445 1186 3531; baseline -0.002 -22"><span class='ocrx_word' id='word_1_273' title='bbox 122 3449 251 3510; x_wconf 84' lang='lat' dir='ltr'><strong>tioribus</strong></span> <span class='ocrx_word' id='word_1_274' title='bbox 270 3447 415 3527; x_wconf 79' lang='lat' dir='ltr'><strong>Georgius</strong></span> <span class='ocrx_word' id='word_1_275' title='bbox 438 3448 571 3509; x_wconf 84' lang='lat' dir='ltr'><strong>defalsa</strong></span> <span class='ocrx_word' id='word_1_276' title='bbox 592 3449 763 3507; x_wconf 85' lang='lat' dir='ltr'><strong>coniectura</strong></span> <span class='ocrx_word' id='word_1_277' title='bbox 781 3445 938 3525; x_wconf 69' lang='lat' dir='ltr'><strong>syncellus</strong></span> <span class='ocrx_word' id='word_1_278' title='bbox 960 3448 1140 3524; x_wconf 78' lang='lat' dir='ltr'><strong>appelletur,</strong></span> <span class='ocrx_word' id='word_1_279' title='bbox 1184 3527 1186 3531; x_wconf 11' lang='grc' dir='ltr'><em>Α</em></span> 
     </span>
     <span class='ocr_line' id='line_1_37' title="bbox 123 3532 1139 3612; baseline -0.007 -12"><span class='ocrx_word' id='word_1_280' title='bbox 123 3538 229 3600; x_wconf 84' lang='lat' dir='ltr'><strong>eadem</strong></span> <span class='ocrx_word' id='word_1_281' title='bbox 259 3532 317 3598; x_wconf 80' lang='lat' dir='ltr'><strong>vel&#39;</strong></span> <span class='ocrx_word' id='word_1_282' title='bbox 338 3538 418 3598; x_wconf 71' lang='lat' dir='ltr'><strong>fere*¹</strong></span> <span class='ocrx_word' id='word_1_283' title='bbox 435 3537 540 3597; x_wconf 87' lang='lat' dir='ltr'><strong>eadem</strong></span> <span class='ocrx_word' id='word_1_284' title='bbox 571 3536 663 3597; x_wconf 87' lang='lat' dir='ltr'><strong>verba</strong></span> <span class='ocrx_word' id='word_1_285' title='bbox 692 3538 890 3597; x_wconf 82' lang='lat' dir='ltr'><strong>inveniuntur</strong></span> <span class='ocrx_word' id='word_1_286' title='bbox 925 3539 1017 3612; x_wconf 86' lang='lat' dir='ltr'><strong>atque</strong></span> <span class='ocrx_word' id='word_1_287' title='bbox 1046 3539 1079 3595; x_wconf 90' lang='lat' dir='ltr'><strong>in</strong></span> <span class='ocrx_word' id='word_1_288' title='bbox 1106 3536 1139 3593; x_wconf 92' lang='lat' dir='ltr'><strong>P.</strong></span> 
     </span>
     <span class='ocr_line' id='line_1_38' title="bbox 124 3623 1140 3700; baseline -0.004 -13"><span class='ocrx_word' id='word_1_289' title='bbox 124 3628 240 3689; x_wconf 71' lang='lat' dir='ltr'><strong>Eadem</strong></span> <span class='ocrx_word' id='word_1_290' title='bbox 269 3628 400 3687; x_wconf 90' lang='lat' dir='ltr'><strong>omnino</strong></span> <span class='ocrx_word' id='word_1_291' title='bbox 417 3629 488 3687; x_wconf 79' lang='lat' dir='ltr'><strong>suut</strong></span> <span class='ocrx_word' id='word_1_292' title='bbox 513 3628 546 3684; x_wconf 91' lang='lat' dir='ltr'><strong>in</strong></span> <span class='ocrx_word' id='word_1_293' title='bbox 569 3624 646 3684; x_wconf 49' lang='lat' dir='ltr'><strong>vas*</strong></span> <span class='ocrx_word' id='word_1_294' title='bbox 660 3627 723 3685; x_wconf 82' lang='lat'><strong>153</strong></span> <span class='ocrx_word' id='word_1_295' title='bbox 748 3628 779 3684; x_wconf 84' lang='lat' dir='ltr'><strong>et</strong></span> <span class='ocrx_word' id='word_1_296' title='bbox 798 3625 843 3700; x_wconf 81' lang='lat' dir='ltr'><strong>L3</strong></span> <span class='ocrx_word' id='word_1_297' title='bbox 871 3627 904 3683; x_wconf 87' lang='lat' dir='ltr'><strong>in</strong></span> <span class='ocrx_word' id='word_1_298' title='bbox 925 3623 1140 3685; x_wconf 86' lang='lat' dir='ltr'><strong>recentioribus</strong></span> 
     </span>
    </p>

    <p class='ocr_par' dir='ltr' id='par_1_7' title="bbox 180 3720 983 3787">
     <span class='ocr_line' id='line_1_39' title="bbox 180 3720 983 3787; baseline -0.002 -10"><span class='ocrx_word' id='word_1_299' title='bbox 180 3735 323 3787; x_wconf 74' lang='lat' dir='ltr'><strong>Georgius</strong></span> <span class='ocrx_word' id='word_1_300' title='bbox 336 3734 495 3777; x_wconf 66' lang='lat' dir='ltr'><strong>lonachus</strong></span> <span class='ocrx_word' id='word_1_301' title='bbox 508 3734 544 3777; x_wconf 70' lang='lat' dir='ltr'><strong>aa</strong></span> <span class='ocrx_word' id='word_1_302' title='bbox 559 3734 588 3775; x_wconf 76' lang='grc' dir='ltr'><strong>(1ο</strong></span> <span class='ocrx_word' id='word_1_303' title='bbox 600 3734 669 3775; x_wconf 81' lang='lat' dir='ltr'><strong>Boor.</strong></span> <span class='ocrx_word' id='word_1_304' title='bbox 688 3734 707 3775; x_wconf 91' lang='lat'><strong>1.</strong></span> <span class='ocrx_word' id='word_1_305' title='bbox 968 3720 983 3775; x_wconf 78' lang='lat' dir='ltr'><strong>f</strong></span> 
     </span>
    </p>
   </div>
   <div class='ocr_carea' id='block_1_5' title="bbox 0 0 1315 3909">
    <p class='ocr_par' dir='ltr' id='par_1_8' title="bbox 0 0 1315 3909">
     <span class='ocr_line' id='line_1_40' title="bbox 0 0 1315 3909; baseline 0 0"><span class='ocrx_word' id='word_1_306' title='bbox 0 0 1315 3909; x_wconf 95' lang='lat' dir='ltr'><strong> </strong></span> 
     </span>
    </p>
   </div>
  </div>
 </body>
</html>
