2617 3909
544 242 746 293 PRAEFATIO
1089 244 1153 293 LXI

130 391 223 451 habet
246 392 282 450 de
301 391 543 450 Paulicianorum
561 394 642 451 secta
665 392 876 465 narrationem,
901 393 1028 466 quaein
1047 394 1152 451 ceteris

130 482 216 541 libris
234 483 267 539 in
282 478 473 540 Constantini
490 481 640 557 Pogcnati
657 480 815 557 imperium
832 483 946 540 inserta
964 484 1016 541 est.
1052 480 1151 540 Huius

130 572 314 631 narrationis
345 570 511 629 clausulam
543 590 610 628 cum
642 570 784 628 ultimum
813 571 1019 645 quaternionis
1046 570 1153 629 folium

131 661 288 719 contineat
309 677 403 735 usque
427 659 465 717 ad
487 658 576 718 finem
599 659 790 734 completum,
812 660 960 718 incertum
984 661 1029 719 est
1051 661 1153 717 utrum

131 750 273 808 librarius
292 748 342 807 bic
359 748 507 807 scribendi
525 748 614 807 finem
632 748 746 822 fecerit,
765 766 804 805 an
822 748 922 823 plures
942 750 1152 824 quaterniones

132 838 204 897 olim
229 838 339 897 adiecti
361 837 449 896 hodie
471 837 583 912 perditi
606 838 676 897 sint.
721 838 862 897 Numeris
888 839 921 895 in
944 840 1078 917 margine
1101 837 1154 896 ad·

132 928 252 1003 scriptis
277 927 437 986 chronicon
459 928 492 984 in
515 926 616 1002 capita
635 926 839 1004 distinguntur.
875 928 987 986 Novies
1005 928 1053 986 illi
1076 926 1113 985 ab
1132 924 1154 985 ἆ

131 1016 295 1093 incipiunt,
327 1035 435 1075 novem
461 1016 557 1092 igitur
583 1017 740 1091 tamquam
770 1017 872 1091 partes
900 1017 998 1092 operis
1025 1018 1153 1075 maiores

132 1125 187 1165 seu
214 1106 286 1163 libri
314 1105 547 1182 distinguuntur.
594 1104 727 1174 Quamrm
759 1106 858 1181 prima
887 1107 927 1163 19
957 1106 1059 1181 capite
1086 1124 1154 1164 con·

131 1197 232 1254 tineus
255 1213 349 1269 usque
369 1194 408 1253 ad
429 1214 459 1271 p.
479 1194 531 1267 43,
552 1196 593 1253 10
616 1195 756 1269 pertinet,
778 1212 875 1269 neque
893 1196 994 1253 111111
1013 1192 1034 1251 ἇ
1052 1214 1154 1253 uume-

131 1304 183 1343 rus
205 1286 295 1342 initio
318 1284 370 1343 sed
393 1304 421 1359 p.
445 1285 494 1357 11,
515 1284 533 1341 2
558 1283 679 1342 demum
701 1283 817 1359 positus
846 1284 899 1341 est.
946 1282 1082 1341 Secunda
1105 1302 1154 1341 ex·

135 1373 254 1432 ordinm
282 1372 374 1431 sumit
396 1392 425 1448 p.
445 1374 498 1447 43,
519 1373 574 1445 13,
601 1372 652 1431 ubi
676 1371 822 1450 Georgius
848 1373 959 1430 iterum
982 1371 1019 1430 ab
1044 1371 1157 1430 Adami

132 1462 221 1521 rebus
248 1462 368 1537 incipit,
396 1463 427 1520 et
451 1463 492 1519 27
517 1462 618 1537 capita
640 1479 735 1536 usque
759 1461 798 1519 ad
819 1480 849 1535 p.
870 1462 943 1535 145,
965 1463 1016 1535 19,
1045 1460 1153 1536 quibus

135 1552 245 1611 veteris
268 1552 443 1610 testamenti
460 1551 587 1611 historia
609 1568 704 1625 usque
727 1550 764 1609 ad
784 1550 916 1609 iudicum
939 1551 1070 1609 aetatem
1088 1570 1156 1609 nar·

133 1642 229 1714 ratur,
247 1642 389 1699 continet.
427 1640 545 1699 Tertiae
564 1640 660 1716 partis
682 1642 721 1698 17
742 1639 892 1716 capitibus
910 1640 1044 1699 iudicum
1062 1643 1155 1714 aetas,

136 1731 261 1805 quartae
286 1731 327 1787 23
351 1748 456 1807 regum
473 1728 677 1803 Judaicomm,
702 1730 825 1804 quintae
850 1730 890 1787 18
910 1748 1015 1807 regum
1037 1729 1156 1788 Israeli·

134 1821 265 1878 ticorum
287 1837 334 1877 res
358 1820 460 1895 gestae
483 1820 652 1877 1111111111.
696 1817 786 1876 Sexta
807 1836 877 1893 pare
903 1821 942 1877 11
968 1820 1069 1894 capita
1087 1837 1156 1878 con-

135 1910 235 1967 tinens
253 1926 347 1982 usque
367 1907 405 1967 ad
419 1906 583 1966 Alexandri
596 1905 700 1985 Magni
719 1924 910 1981 successores,
934 1909 1078 1983 septimae
1097 1908 1156 1966 duo

135 1999 257 2055 tantum
280 1998 380 2072 capita
398 2015 492 2071 usque
516 1996 555 2054 ad
577 1998 793 2072 imperatorum
810 1996 1013 2055 Romanorum
1036 1996 1157 2055 initium

135 2087 296 2161 pertinent.
342 2086 442 2144 Partis
479 2088 603 2145 octavae
637 2087 678 2145 52
717 2085 866 2161 capitibus
900 2086 1023 2158 ethnici,
1061 2088 1157 2162 partis

136 2194 233 2234 11111
272 2176 313 2233 34
350 2174 498 2250 capitibus
535 2174 692 2234 christiani
727 2175 922 2249 imperatores
958 2176 1163 2233 continentur..

135 2264 241 2340 Neque
268 2264 401 2339 partium
431 2264 541 2322 harum
569 2265 665 2323 initiis
697 2262 782 2322 tituli
812 2262 1032 2341 praefiguntur,
1061 2281 1157 2339 neque

136 2352 268 2413 numeris
287 2354 421 2429 capitum
435 2352 599 2428 quidquam
614 2352 799 2427 adscriptum
813 2354 865 2411 est.
893 2352 998 2411 Partes
1017 2352 1074 2411 hae
1092 2371 1158 2411 eae-

138 2443 206 2501 dem
229 2442 289 2501 fere
313 2444 384 2501 sunt
407 2460 482 2517 quae
507 2443 540 2500 in
563 2443 667 2500 multis
691 2443 759 2501 aliis
781 2440 875 2501 libris.
921 2440 1159 2519 Distinguuntur

136 2534 174 2591 iis
208 2532 348 2609 graviora
379 2532 523 2591 historiae
555 2531 746 2605 universalis,
783 2530 911 2590 biblicae
942 2531 1057 2590 scilicet
1089 2535 1159 2590 ante

137 2620 290 2681 Christum
308 2620 422 2694 natum,
445 2621 605 2680 momenta.
643 2618 785 2695 Cupitum
804 2621 894 2678 initia
912 2638 982 2679 cnm
998 2640 1159 2697 regnorum

138 2713 168 2769 11
190 2712 385 2786 imperiorum
413 2712 589 2788 congruunt.
633 2708 741 2785 Capita
764 2728 825 2767 111
847 2710 936 2767 utin
960 2710 990 2769 V
1007 2711 1040 2767 in
1062 2712 1157 2786 parti-

138 2800 221 2858 culas
251 2798 433 2857 dividuntur.
479 2798 515 2857 In
543 2798 678 2877 margine
706 2800 915 2875 argumentum
943 2801 1043 2858 textus
1070 2800 1158 2857 initio

139 2890 266 2964 saepius,
284 2891 390 2963 postea
408 2906 477 2947 raro
497 2887 701 2962 adumbretur,
719 2887 871 2947 rarissime
890 2887 1006 2947 scholia
1022 2888 1159 2965 longiora

139 2979 266 3037 exstant.
304 2976 459 3036 Librarius
474 2996 657 3053 quamquam
672 2978 745 3036 satis
760 2980 897 3036 accurate
911 2977 1039 3053 scripsit,
1057 2978 1159 3034 tamen

139 3087 175 3127 ex
197 3066 437 3126 homoeoteleuto
459 3066 557 3125 multa
576 3066 686 3125 omisit.
723 3065 806 3135 Quae
824 3068 975 3141 permulta
998 3067 1160 3124 occurrunt

137 3154 248 3215 menda
275 3156 508 3233 orthographica
535 3175 570 3215 ex
596 3156 643 3215 his
674 3157 780 3231 postea
801 3155 896 3214 lector
919 3154 1041 3231 quidam
1063 3154 1159 3212 111111

138 3245 276 3305 correxit.
323 3244 463 3304 Feliciter
491 3247 591 3304 autem
619 3246 731 3319 evenit,
761 3246 797 3302 ut
822 3245 912 3321 plura
939 3245 1085 3320 corrigere
1107 3244 1159 3302 ille

138 3354 199 3393 non
223 3334 355 3393 auderet

208 3422 307 3483 Ceteri
329 3422 401 3482 libri
419 3424 556 3499 quamvis
575 3424 606 3481 et
623 3422 711 3482 rebus
730 3423 914 3481 1111111111
932 3421 1062 3479 multum
1080 3423 1161 3480 inter

139 3530 171 3571 se
201 3512 354 3586 differant,
387 3514 525 3587 quamvis
553 3512 614 3571 sint
641 3511 724 3571 varie
750 3510 939 3586 interpolati,
971 3511 1073 3568 tamen
1099 3528 1160 3567 non

140 3601 264 3661 difficile
292 3603 337 3660 est
365 3618 441 3676 quae
469 3603 530 3661 sint
560 3600 745 3677 interpolata
777 3616 953 3677 cognoscere
982 3600 1014 3657 et
1041 3596 1159 3657 collatis
