2617 3909
165 229 230 291 212
478 229 665 281 mmor
682 231 866 283 MONAXOT

164 377 239 438 ι’δεῑν
266 377 357 438 πάλαι
384 376 580 459 γεγενημένας
606 376 657 438 καί
683 387 741 438 νῦν
768 376 927 459 γινομένας
954 371 1026 440 καθ’
1053 377 1181 458 ἑκάστην

163 472 285 557 ἡμέραν.
330 472 381 535 ιιαλ
404 474 454 535 διὰ
475 485 578 555 τοῦτο,
602 476 711 556 φησίν,
737 473 800 538 άνιο
823 474 873 537 καί
896 477 974 539 ιιάτω
997 478 1183 559 προδιαμαρ-

164 574 279 654 τύρεται
314 570 365 633 καλ
400 574 612 653 προασφαλίζει
647 571 698 632 καί
731 573 864 654 διεγείρει
896 573 971 656 πρὸς
1002 582 1101 653 νῆψιν
1134 573 1184 634 ιιαὶ

164 670 338 753 ἐγρήγορσιν
360 666 380 750 ἡ
403 672 474 732 θεία
496 669 598 753 γραφη
621 668 758 751 λέγουσα·
782 667 799 730 δ
822 671 920 732 δοκῶν
939 669 1057 733 ἑστάναι
1079 671 1184 752 βλεπέ-

139 790 205 830 ιτοι
228 768 269 848 μὴ
293 764 377 851 πέση.

490 871 546 956 [δ’.
579 873 668 956 Περὶ
688 868 859 956 Ῥοβοάμ]

233 1007 322 1069 Μετὰ
344 1006 378 1070 δὲ
399 1013 582 1087 Σολομῶντα
604 1009 773 1089 ἐβασίλευσε
792 1002 917 1090 Ῥοβοάμ
940 1007 956 1070 δ
980 1009 1012 1071 ίιι
1034 1011 1186 1072 τοσούτων

166 1117 317 1187 γυναικῶν
342 1107 408 1180 υίὸς
431 1107 524 1168 αύτοῦ
547 1106 597 1186 ἔτη
621 1103 671 1187 ιζ’,
695 1102 744 1184 ἔφ’
769 1100 806 1168 ού
830 1106 880 1168 ιιαλ
904 1105 1030 1192 διῃρέθη
1055 1104 1075 1186 ἡ
1099 1109 1186 1188 βασι-

167 1205 229 1265 λεία
251 1205 294 1278 εἰς
316 1204 381 1265 δύο.
417 1206 598 1283 καταλείψας
620 1203 676 1286 γὰρ
695 1201 750 1282 την
769 1204 883 1284 βουλὴν
901 1214 960 1266 τῶν
978 1205 1186 1289 πρεσβυτέρων

127 1315 153 1354 1⁰
167 1301 217 1364 καί
239 1301 313 1363 κατὰ
335 1301 391 1381 τὴν
413 1303 592 1383 συμβουλὴν
614 1312 674 1363 τῶν
693 1300 954 1382 συνεκτραφέντων
971 1302 1022 1364 ιιαί
1039 1320 1187 1384 παρεστη-

166 1399 261 1461 κύτων
289 1398 369 1484 αύτῷ
388 1401 555 1481 παιδαρίων
582 1400 712 1479 λαλήσας
735 1405 772 1484 τῷ
795 1405 855 1484 λαῷ
880 1401 1006 1482 σκληρά,
1033 1399 1144 1480 άπύστη
1170 1399 1187 1462 ὁ

163 1491 279 1577 Ἰσραὴλ
306 1490 358 1557 ἀπ’
391 1497 483 1559 αύτοῦ
513 1496 564 1558 ιιαλ
595 1495 741 1578 ἀπῆλθεν.
787 1496 838 1557 καί
864 1498 899 1558 αί
926 1495 980 1578 μὲν
1007 1498 1063 1560 δύο
1091 1498 1188 1577 φυλαὶ

164 1588 263 1655 Ἰούδα
290 1593 340 1654 καὶ
362 1593 505 1675 Βενιαμίν
532 1594 652 1674 ἔμειναν
676 1589 737 1675 μετ’
763 1595 856 1657 αὐτοῦ
879 1595 912 1657 έν
929 1591 1131 1679 Ἰερουσαλήμ,
1155 1598 1192 1658 αἱ

71 1705 154 1746 151³-
169 1689 201 1752 δὲ
224 1687 309 1751 άλλαι
337 1690 408 1753 δέκα
435 1689 575 1772 ἀπῆλθον
602 1691 635 1778 έν
663 1693 816 1777 Σαμαρείᾳ
844 1691 893 1754 καὶ
920 1681 1113 1774 ἐβασίλευσαν
1135 1689 1185 1756 ἐπ’

128 1803 154 1842 15
168 1789 267 1850 αὐτῶν
294 1784 448 1870 Ἱεροβοδιμ
479 1789 531 1852 τὸν
566 1791 676 1852 δοῦλον
708 1795 911 1870 Σολομῶντος.
957 1791 1122 1854 ιιάντεῦθεν
1154 1793 1191 1853 αἱ

167 1885 222 1967 μὲν
249 1887 305 1949 δύο
333 1886 428 1967 φυλαί
455 1888 744 1974 προσηγορεύθησαν
768 1882 867 1949 Ἰούδα
898 1889 948 1951 διὰ
975 1888 1030 1968 τὴν
1053 1891 1187 1972 μεγάλην

167 1983 218 2046 ιιαί
239 1985 396 2066 βασιλικὴν
420 1987 521 2066 φυλὴν
541 1981 650 2067 Ἰούδα,
673 1987 708 2047 αἱ
728 1984 760 2048 δὲ
782 1985 883 2048 λοιπαί
907 1985 978 2048 δέπα
998 1983 1113 2070 Ἰσραὴλ
1136 1987 1189 2050 ιιαί

164 2080 296 2165 Ἐφραίμ
319 2085 369 2147 διά
391 2107 420 2146 τε
443 2085 476 2147 τὸ
499 2090 619 2169 πλῆθος
641 2083 692 2145 καί
716 2083 766 2146 διὰ
788 2084 820 2147 τὸ
843 2086 895 2148 τὸν
914 2078 1066 2167 Ἱεροβοδιμ
1084 2085 1117 2147 έιι
1135 2097 1190 2167 τῆς

169 2187 267 2262 φυλῆς
287 2177 420 2264 Ἐφραίμ
442 2183 597 2265 τυγχάνειν
615 2183 686 2244 υἱοῦ
702 2175 822 2262 Ἰωσήφ.
859 2181 909 2244 καί
928 2182 1046 2262 ἐποίησε
1060 2179 1190 2265 Ῥοβοάμ

129 2281 234 2353 Ξθυίὸς
256 2285 453 2360 Σολομῶντος
480 2280 513 2343 τὸ
541 2280 677 2361 πονηρὸν
707 2281 835 2342 ἐνώπιον
857 2275 969 2362 κυρίου
988 2278 1028 2355 ὡς
1050 2278 1067 2342 ὅ
1090 2282 1190 2364 πατὴρ

169 2377 261 2439 αύτοῦ
293 2377 343 2440 ιιαί
378 2377 531 2440 ἀπέθανεν
563 2377 596 2440 έν
631 2385 696 2452 ταῖς
733 2376 887 2459 ἁμαρτίαις
919 2379 1019 2440 αύτοῦ.
1065 2375 1116 2458 ἐφ’
1151 2373 1190 2442 ού

169 2474 327 2556 Σουσαιιίμ
349 2475 365 2538 ὁ
384 2477 541 2558 Αίγύπτου
564 2476 703 2558 βασιλεὺς
726 2477 781 2556 τὴν
796 2469 988 2558 Ἰερουσαλὴμ
1008 2474 1082 2538 ἑλὼν
1101 2476 1183 2556 άφεί

169 2577 237 2632 λατο
252 2571 288 2633 τὰ
300 2572 333 2634 ἐν
346 2579 386 2657 τῷ
397 2579 459 2657 ναῷ
469 2572 520 2635 ιιαί
534 2573 567 2635 ἓν
581 2580 643 2648 τοῖς
662 2575 819 2656 βασιλείοις
833 2574 967 2657 χρήματα
980 2573 1030 2636 ιιαί
1044 2574 1079 2636 τδι
1093 2585 1192 2657 χρυσᾶ

171 2669 280 2750 δόρατα
297 2669 347 2731 καί
369 2670 439 2744 τοὺς
458 2668 587 2753 χρυσοῦς
605 2672 746 2753 θυρεούς,
765 2667 838 2752 ἀνθ’
861 2664 903 2733 ὧν
922 2671 1057 2755 ἐγένοντο
1076 2679 1190 2753 χαλκοῖ.

120 2958 122 2963 ,
242 2901 259 2948 4
277 2894 297 2948 1.
314 2894 373 2949 σοι.
390 2900 432 2961 10,
448 2901 488 2948 ιι.
504 2927 538 2935 -
555 2901 569 2948 τ
584 2858 691 2963 ιε’λεο
707 2897 828 2951 Gramm.
839 2914 869 2966 p.
883 2903 930 2966 32,
942 2903 967 2952 ο.
982 2929 1017 2937 -
1033 2903 1138 2952 15-19
1153 2901 1190 2968 cf.

170 2967 423 3036 QpQfflm
1104 3017 1105 3020 ,

244 3149 260 3196 2
276 3164 297 3212 φ
318 3139 363 3199 σίν
376 3161 427 3199 om.
437 3144 490 3198 FL.
506 3177 539 3186 —
555 3151 571 3199 3
586 3143 732 3215 ἀσφαλίζει
746 3148 801 3216 (-ζη
816 3146 856 3213 Μ)
868 3147 895 3200 Ν
909 3137 1142 3215 προδιασφαλίζει
1156 3149 1190 3202 R.

173 3219 245 3267 -4
298 3164 413 3284 ύλγορσιν
428 3216 484 3270 AM
503 3216 725 3288 έγγρήγορσινΡ
750 3217 933 3288 ἐγρηγόρησεν
951 3218 982 3272 Β.
1004 3250 1037 3259 -
1066 3218 1190 3275 FIdam.

201 3236 309 3339 mfR.
321 3317 354 3326 —-
370 3293 386 3342 8
400 3288 449 3342 καί
463 3305 513 3344 om.
529 3289 609 3343 codd.
616 3296 727 3357 praeter
736 3290 790 3343 ΑΡ.
802 3321 837 3330 -
853 3294 887 3343 10
901 3289 1070 3362 συμβουλὴν]
1085 3290 1191 3361 βουλὴν

157 3355 315 3410 1ΑΟΡΜΒ,
339 3391 373 3398 -
398 3365 430 3413 16
450 3359 580 3413 διὰ-17
600 3359 684 3415 ἰούδα
707 3377 757 3414 om.
779 3360 831 3414 FL.
857 3391 890 3400 —-
915 3367 948 3414 22
973 3361 1122 3431 σουσαιιελμ
1141 3363 1191 3416 AL

176 3427 320 3497 σουσαιιὴρ
337 3428 367 3481 Μ
390 3429 482 3500 σαιιημ
498 3429 548 3484 BV
571 3429 656 3498 σακλμ
673 3429 703 3504 E.
723 3463 757 3470 -
777 3428 906 3500 ἀφείλετο
925 3431 984 3486 RV.
1111 3451 1114 3457 ·

248 3609 264 3656 2
284 3604 342 3660 άνω
354 3612 414 3660 -4
433 3605 551 3677 λέγουσα
569 3623 619 3661 ονε.
636 3606 666 3662 Ρ,
711 3647 713 3650 -
