2617 3909
516 244 706 299 XPONIKON
1047 243 1112 308 255

98 393 197 454 πάντα
216 393 352 456 διολέσαι.
394 395 441 457 διό
463 409 568 472 φησιν·
592 391 643 454 καί
665 401 783 472 πνεῦμα
806 391 879 475 μέγα
901 391 951 455 καί
973 392 1113 476 κραταιὸν

99 492 224 553 διαλύον
242 490 298 574 ’ύρη
320 491 371 553 καὶ
389 493 550 574 συντρῖβον
572 489 680 574 πέτρας
701 491 830 553 ἐνώπιον
841 492 962 573 κυρίου.
1008 492 1064 554 ούκ
1081 491 1114 554 ἐν

80 596 141 676 ,τῷ
160 590 305 669 πνεύματι
322 590 433 671 κύριος.
464 589 515 651 καί
533 589 603 670 μετὰ
616 589 649 652 τὸ
663 599 780 670 πνεῦμα
798 592 980 669 σνσσεισμύς.
1012 590 1068 651 ούκ
1081 589 1114 652 έν

99 692 140 771 τῷ
155 694 320 772 συσσεισμςῖ
338 688 448 772 κύριος.
480 687 531 749 καὶ
549 687 620 768 μετὰ
637 688 690 750 τὸν
708 689 884 768 σνσσεισμδν
902 698 971 771 πῦρ.
1008 687 1064 749 ούκ
1082 687 1114 749 ἐν

99 792 141 869 τῷ
155 785 228 868 πυρί
249 786 360 867 κύριος.
400 784 452 847 καὶ
474 785 544 865 μετά
563 788 596 850 τὸ
614 795 675 869 πῦρ
699 785 787 865 φωνὴ
810 784 904 869 αύρας
925 792 1041 866 λεπτῆς,
1064 786 1114 847 καί
1141 804 1153 845 5

99 882 165 945 ἐκεῖ
181 884 291 966 κύριος.
337 883 388 944 διὰ
409 883 465 966 γὰρ
492 884 605 946 τούτων
628 884 749 963 ἔδειξεν,
778 884 822 946 ὅτι
850 887 1042 968 μακροθυμία
1064 883 1114 946 καί

100 982 315 1063 φιλανθρωπία
346 981 424 1062 μόνη
456 983 529 1062 φίλη
561 988 635 1068 θεῷ,
667 982 789 1044 ἕκαστον
822 979 854 1043 δέ
885 992 944 1043 τῶν
971 981 1066 1045 άλλων
1093 980 1113 1062 ἡ

99 1080 230 1160 πονηρία
252 1080 307 1159 τὴν
330 1080 449 1141 δικαίαν
477 1078 570 1162 ὀργὴν
591 1078 750 1160 ἐφέλκεται.
795 1082 875 1154 τίνος
898 1078 930 1141 δὲ
952 1081 1037 1163 χάριν
1056 1082 1114 1142 πά-

99 1180 149 1237 λιν
170 1174 220 1237 καί
244 1175 293 1238 διὰ
315 1177 442 1258 κόρακος
463 1176 598 1259 τρέφεται
620 1176 759 1240 άκονσσν.
804 1178 905 1258 ἐπειδὴ
929 1177 985 1259 γὰρ
1008 1177 1024 1240 δ
1043 1179 1114 1252 θεὸς

99 1275 157 1354 τὴν
180 1274 297 1336 δικαίαν
319 1284 372 1337 τοῦ
396 1276 514 1338 δικαίου
536 1275 586 1337 καί
609 1279 739 1356 ζηλωτού
761 1276 835 1338 κατὰ
857 1286 916 1337 τῶν
933 1275 1114 1358 παρανόμων
1128 1293 1154 1335 10

96 1366 252 1434 Ἰουδαίων
279 1371 478 1455 ἀγανάκτησιν
505 1372 663 1453 ἐκμαλάξαι
689 1374 869 1455 βουλόμενος
898 1375 1114 1456 παρεσκεύασεν

100 1468 194 1532 αύτὸν
217 1468 266 1531 διὰ
289 1468 462 1550 μισοτέκνου
490 1468 596 1553 ὀρνέου
622 1470 784 1553 τρέφεσθαι
808 1471 858 1533 καί
879 1474 1028 1546 τίκτοντος
1051 1471 1114 1552 μέν,

100 1566 139 1628 ού
162 1566 320 1650 τρέφοντος
343 1566 384 1629 δέ.
430 1568 504 1630 ὅθεν
530 1568 581 1630 καί
603 1570 717 1651 Ααυίδ,
741 1572 837 1633 καίτοι
859 1572 957 1651 πάσης
978 1581 1031 1652 τῆς
1053 1572 1114 1632 κτί-

101 1684 175 1738 σεως
202 1673 318 1750 φυσικῷ
342 1667 418 1753 λόγῳ
442 1667 515 1750 πρὸς
537 1668 589 1730 τὸν
616 1669 800 1751 δημιουργὸν
822 1668 1048 1751 ἀποβλεπούσης
1070 1663 1117 1752 (οἱ

101 1761 271 1843 ὀφθαλμοί,
298 1764 354 1847 γάρ
382 1784 490 1845 φησιν,
516 1766 637 1828 πάντων
664 1767 706 1841 είς
734 1765 766 1830 σὲ
792 1767 973 1847 ἐλπίζουσιν,
1000 1767 1050 1829 καί
1078 1768 1114 1829 σὺ
1129 1785 1153 1825 15

101 1862 193 1935 δίδως
215 1862 270 1942 τὴν
292 1863 408 1944 τροφὴν
426 1863 525 1926 αὐτῶν
543 1864 575 1927 ἐν
594 1859 742 1950 εὐκαιρίᾳ)
761 1866 897 1948 κοράκων
915 1865 1114 1947 ἐμνημόνευσε

101 1955 166 2021 κατ’
192 1959 294 2041 ἐξοχὴν
317 1959 421 2042 λέγων·
445 1969 484 2046 τῷ
508 1962 622 2026 διδόντι
648 1969 710 2036 τοῖς
736 1964 855 2043 κτήνεσι
877 1964 993 2045 τροφὴν
1016 1963 1114 2025 αὐτῶν

101 2057 236 2130 καὶτοῖς
260 2064 394 2131 νεοσσοῖς
418 2069 477 2120 τῶν
499 2061 636 2140 κοράκων
662 2067 725 2134 τοῖς
751 2061 993 2140 ἐπικαλουμένοις
1015 2062 1114 2124 αὐτόν.

101 2156 226 2236 μάλιστα
248 2153 302 2235 μέν
324 2155 379 2238 γὰρ
401 2158 497 2218 πάντα
515 2155 534 2237 ἡ
554 2159 624 2219 θεία
641 2159 778 2240 πρόνοια,
802 2160 905 2239 φησίν,
924 2157 1032 2239 τρέφει,
1050 2160 1115 2220 δια-

102 2254 253 2335 φερόντως
281 2251 313 2315 δέ
339 2254 408 2330 τοὺς
435 2254 575 2329 νεοσσούς
601 2265 661 2317 τῶν
687 2257 823 2339 κοράκων
852 2256 922 2330 τούς
950 2255 1030 2339 παρὰ
1056 2266 1115 2318 τῶν
1128 2276 1155 2315 ω

101 2351 247 2414 τεκόντων
265 2350 492 2432 ἀμελουμένους.
524 2354 640 2432 ζωύφια
654 2354 711 2437 γὰρ
725 2353 814 2436 μικρὰ
827 2361 892 2428 ταῖς
905 2359 1019 2427 καλιαῖς
1034 2377 1115 2437 περι-

103 2449 248 2529 ϊπτάμενα
264 2451 361 2532 τροφὴ
380 2452 490 2533 γίνεται
508 2452 631 2526 τούτοις,
673 2452 834 2534 μονονουχὶ
851 2454 954 2515 τοίνυν
973 2453 1116 2534 συνεβού-

177 2645 190 2692 1
210 2637 256 2692 ΙΠ.
271 2639 359 2709 Regg.
376 2645 418 2708 19,
434 2646 537 2707 11;=12.
558 2673 591 2681 -—
611 2647 699 2711 8—p.
715 2648 775 2708 256,
791 2648 806 2695 6
825 2642 922 2697 Ιείδοτ.
937 2642 1028 2696 Pelus.
1042 2643 1114 2713 Epp.

101 2709 150 2778 IV,
165 2715 199 2762 43
218 2710 315 2780 Migne
333 2710 410 2766 Tom.
431 2717 478 2780 τε,
494 2712 601 2766 10930.
621 2745 654 2753 -
676 2719 709 2766 ιε
728 2713 1061 2785 Psalm.144(145)‚15.
1081 2746 1114 2755 -

104 2786 138 2837 17
157 2780 259 2834 Psalm.
276 2787 327 2836 146
340 2784 423 2853 (147),
437 2789 462 2837 9.
990 2786 992 2793 ¹

177 2966 191 3013 1
215 2959 264 3013 καί
286 2960 422 3028 κραταιὸν
446 2961 632 3016 om.Bcois1.
661 2963 710 3018 καλ
732 2980 782 3019 om.
803 2962 908 3018 OFNR
916 2963 1056 3033 IH.Regg.
1081 2995 1114 3004 -

104 3037 120 3084 2
141 3029 258 3085 διαλύον
272 3031 293 3084 F
313 3031 435 3088 διαλύων
448 3031 556 3087 ΑΒΟΝ
566 3032 647 3088 Coisl.
662 3066 698 3075 —
712 3032 858 3106 συντρίβον
873 3035 894 3088 F
905 3034 987 3090 Coisl.
1006 3032 1115 3102 συντρί-

104 3103 163 3173 βων
181 3099 269 3156 BON.
289 3135 322 3144 -
343 3109 359 3157 3
378 3101 522 3173 συσεισμύς
535 3104 614 3158 NPR
624 3103 707 3160 Goisl.
727 3105 857 3175 σνσισμός
869 3107 894 3158 A
912 3113 938 3162 ιι
954 3108 994 3162 sic
1011 3107 1043 3160 ῖτι
1060 3123 1115 3176 sqq.

104 3204 139 3215 -
159 3178 175 3227 8
194 3172 279 3228 πάλιν
296 3173 380 3244 χάριν
398 3174 459 3228 ΗΜ
481 3182 506 3230 et
523 3191 592 3231 rece.
613 3176 729 3244 quidam
754 3176 839 3249 χάριν
856 3193 907 3232 ουτ.
926 3177 959 3231 Α.
979 3209 1012 3218 -
1032 3183 1048 3231 9
1067 3177 1116 3230 καὶ

103 3262 155 3300 om.
175 3244 255 3299 codd.
276 3252 385 3315 praeter
404 3245 485 3301 APV.
510 3279 543 3287 —
573 3252 606 3302 13
626 3255 677 3316 τῆς
699 3264 749 3303 om.
768 3247 859 3301 FHM.
887 3279 920 3289 -
950 3253 983 3301 15
1001 3247 1116 3303 πάντων

104 3316 174 3385 φησὶ
188 3315 260 3370 RJs.
280 3333 367 3384 φησιν
386 3335 436 3373 om.
450 3317 565 3372 ABHM
575 3317 657 3373 Coisl.
681 3319 735 3390 γάρ
754 3336 840 3389 φησιν
853 3336 903 3375 om.
918 3319 951 3373 D.
967 3352 1000 3361 -
1022 3325 1054 3374 17
1073 3321 1116 3374 δι-

104 3390 203 3441 δούντι
222 3385 331 3442 ΑΟΡΝ.
353 3420 387 3429 -
410 3394 443 3442 22
466 3388 557 3458 τροφὴ
575 3387 691 3459 γίνεται.
719 3391 871 3460 μονονουχὶ
892 3391 1002 3454 τούτοις
1023 3392 1114 3462 σννεβ.

101 3457 309 3513 BONRcoisl.
331 3459 422 3528 τροφὴ
440 3461 550 3524 τούτοις
566 3458 681 3531 χίνεται.
710 3458 751 3516 δι’
767 3462 860 3518 αύτῶν
878 3457 930 3518 ούν
944 3464 1035 3534 συνεβ.
1050 3462 1079 3516 F.

179 3634 192 3681 1
214 3626 326 3682 ἅπαντα
344 3628 374 3683 P.
