2617 3909
169 206 246 290 246'
481 227 668 280 υωοεοιοα
686 227 870 280 mmor

168 377 237 437 νίαν
268 376 310 450 είς
341 378 506 455 Βαβυλῶνα
537 374 588 437 καλ
618 373 674 454 τήν
706 373 816 456 μητέρα
851 374 902 436 καλ
936 374 1007 448 τούς
1038 373 1186 456 όίργοντας

168 473 260 536 αύτού
288 474 502 556 βασιλεύσαντα
529 484 625 555 μῆνας
647 478 731 555 τρεῖς.
776 472 843 555 περὶ
869 466 906 534 ού
932 473 1023 535 πόλιν
1042 466 1185 556 Ἱερεμίας

168 572 276 654 ἔλεγεν·
308 570 448 652 ἠτιμώθη
475 567 611 653 Ἰεχονίας
643 569 684 645 ὡς
716 580 821 645 σκεῦος
852 565 889 633 οό
921 571 978 632 οὐκ
1009 572 1070 635 ἔστι
1100 574 1185 653 χρεία

168 659 276 749 αὐτοῦ,
305 669 349 732 ὅτι
376 668 528 752 ἀπερρίφη
555 669 605 733 καὶ
632 669 779 751 ἐξεβλήθη
802 669 845 743 είς
867 679 939 751 γῆν,
962 666 1002 748 ήν
1025 669 1082 732 ούκ
1104 670 1184 755 ᾔδει,

142 765 244 848 ολέγει
266 768 375 850 κύριος.
421 779 470 850 γή,
493 777 542 850 γῆ,
564 765 696 830 όκονσου
718 766 807 847 λόγον
829 769 945 850 κυρίου,
985 768 1107 850 γράψον
1130 769 1184 830 τόν

168 863 263 947 ύνδρα
285 873 390 927 τούτου
412 864 593 949 ἐκκήρυκτον
615 863 790 948 όίυθρωπσν,
814 865 859 927 ὅτι
881 866 918 928 ού
940 865 981 945 μή
1002 865 1125 952 αύξηθῇ
1149 867 1184 929 ἐκ

166 971 220 1024 τοῦ
248 960 410 1044 σπέρματος
437 964 531 1027 αύτού
558 962 635 1046 ἀνήρ
662 964 835 1043 καθήμενος
861 962 910 1025 ἐπὶ
936 961 1053 1044 θρόνον
1080 963 1184 1026 Δαυὶδ

166 1057 264 1142 όίρχων
286 1061 329 1122 ἐτι
351 1059 384 1124 ἐν
406 1069 447 1146 τῷ
467 1058 573 1124 Ἰούδα.

67 1260 105 1300 ιιι
120 1259 150 1298 M.
467 1236 540 1321 [κγ’.
572 1238 662 1321 Περί
685 1235 884 1320 Σεδεκίου]

126 1386 152 1426 ιο
233 1364 321 1427 Μετὰ
357 1363 390 1426 δὲ
417 1358 556 1444 Ἰεχονίαν
592 1361 761 1446 ἐβασίλευσε
796 1364 937 1436 Σεδεκίας
973 1364 1182 1446 πατρύδελφος

166 1461 258 1524 αὐτοῦ
285 1461 336 1524 καλ
362 1462 480 1542 ἐποίησε
508 1462 540 1525 τό
567 1462 702 1543 πονηρὸν
729 1460 858 1524 ἐνώπιον
885 1461 1006 1542 κυρίου,
1034 1460 1085 1522 καλ
1111 1461 1181 1544 περὶ

165 1561 221 1640 τὴν
253 1561 433 1641 φορολογίαν
466 1559 604 1634 ὡσαύτως
635 1559 938 1641 παρασπονδήσαυτος
965 1559 1074 1639 αὐτοῦ,
1102 1551 1181 1638 ήλθε

165 1657 254 1718 πόλιν
268 1656 545 1740 Ναβουχοδονόσωρ
563 1658 605 1732 είς
622 1653 814 1739 Ἰερουσαλήμ
831 1656 880 1719 καλ
899 1656 1062 1738 ἐπολιόρκει
1081 1657 1180 1737 αὐτὴν
1293 1746 1294 1751 ¹

165 1755 215 1834 ἔτη
239 1750 279 1836 β’.
325 1754 375 1816 καλ
397 1756 605 1836 προφητεύσας
624 1749 763 1838 Ἱερεμίας
785 1754 840 1835 τήν
863 1755 973 1816 όίλωσιν
993 1763 1047 1834 τῆς
1064 1755 1180 1838 πόλεως

126 1875 151 1915 15
166 1850 284 1931 δέσμιος
311 1853 427 1934 ἐβλήθη
454 1852 513 1915 ύπδ
536 1854 680 1916 Σεδεκίου
708 1853 741 1915 ἐν
767 1853 873 1937 λάκκῳ.
919 1852 991 1933 μετὰ
1015 1849 1047 1913 δὲ
1070 1853 1103 1915 τό
1127 1857 1179 1914 λυ-

165 1956 261 2030 θῆναι
283 1949 373 2012 αὐτὸν
396 1960 450 2013 τοῦ
473 1952 582 2032 δεσμοῦ
604 1950 705 2032 λαβὼν
727 1951 782 2031 τήν
802 1950 930 2032 κιβωτόν
948 1949 999 2011 καὶ
1016 1949 1049 2012 τό
1067 1956 1178 2012 θυσια-

165 2048 285 2130 στήριον
307 2048 358 2110 καλ
379 2049 434 2129 τήν
457 2050 600 2131 τράπεζαν
622 2049 673 2110 καλ
695 2048 751 2128 τήν
774 2050 896 2130 λυχνίαν
918 2048 951 2111 ἐκ
973 2057 1026 2110 τοῦ
1048 2057 1126 2111 ναοῦ
1145 2049 1178 2111 ἐν
1292 2124 1293 2137 ρ

164 2146 240 2231 λόγῳ
262 2149 381 2228 κυρίου,
405 2147 569 2226 μέλλουσαν
595 2146 650 2227 τήν
676 2145 765 2209 πόλιν
792 2145 853 2226 ήδη
880 2147 1177 2227 παραλαμβάνεσθαι,

164 2242 348 2328 κατέκρυψεν
371 2245 404 2306 ἐν
426 2244 527 2330 ἀδήλιγ
550 2246 640 2331 τόπῳ,
668 2243 719 2305 καὶ
742 2245 796 2326 σύγ
818 2242 986 2326 εύρέθησαν
1009 2244 1058 2306 ἔτι.
1100 2245 1178 2324 φησὶ

125 2365 151 2404 ιο
166 2339 198 2403 δὲ
220 2343 270 2404 καλ
292 2340 312 2423 ή
335 2353 394 2404 τῶν
418 2344 628 2425 Μακκαβαίωυ
650 2343 765 2424 βίβλος·
789 2340 914 2422 ἐξῆλθεν
931 2337 1082 2424 Ἱερεμίας,
1105 2367 1175 2425 χρη-

164 2448 310 2519 ματισμοῦ
333 2438 512 2521 γενηθέντος
530 2440 617 2526 αύτῷ,
639 2441 682 2514 είς
699 2442 732 2504 τὸ
751 2439 830 2522 όρος,
848 2433 886 2502 ού
905 2444 1044 2520 Μωῦσής
1061 2438 1176 2520 ἀυαβδις

164 2536 306 2599 ἐθεάσατο
338 2538 393 2618 τήν
425 2548 477 2600 τού
508 2545 584 2602 θεοῦ
610 2540 825 2620 κληρονομίαν,
852 2537 903 2599 καλ
930 2535 1028 2599 ἐλθὼν
1054 2538 1098 2610 είς
1123 2539 1175 2602 τὸν

162 2634 255 2696 τόπον
277 2634 328 2697 καλ
349 2635 446 2718 εὑρὼν
468 2630 552 2699 οἶκον
574 2635 710 2720 όιυτρόδη
733 2636 881 2717 εἰσήνεγκε
904 2636 959 2715 τήν
977 2635 1106 2715 κιβωτόν
1123 2635 1174 2697 καλ

132 2809 137 2819 ¹
163 2732 195 2794 τό
222 2734 438 2816 θυσιαστήριον
464 2742 517 2796 τού
543 2735 733 2815 θυμιάματος
760 2734 810 2795 καλ
836 2733 892 2813 τήν
914 2733 1015 2816 θύραν
1037 2733 1173 2815 ἐφραξευ.

121 2853 149 2894 25
164 2829 213 2891 καὶ
244 2831 458 2914 προσελθόντες
489 2829 566 2905 τινὲς
597 2842 656 2893 τῶν
686 2831 993 2894 συνακολουθούντων
1020 2830 1093 2893 ὥστε
1120 2832 1176 2912 τήν

164 2925 236 2990 δδδν
258 2928 500 3009 ἐπισημήνασθαι
523 2929 578 2991 ούκ
600 2929 803 3010 ήδυνήθησαν
825 2928 930 3012 εὑρεῖν.
977 2927 1017 3002 δος
1039 2926 1071 2990 δέ
1091 2925 1175 3012 Ἱερε-

164 3028 233 3106 μίας
264 3027 354 3109 ἕγνω,
387 3028 579 3108 μεμψόμενος
611 3028 720 3102 αύτούς
747 3021 840 3089 εἶπεν·
864 3025 1013 3109 όγνωστος
1040 3024 1057 3087 δ
1085 3027 1175 3101 τόπος

159 3124 251 3205 Ιἔσται,
274 3124 329 3199 ἕως
346 3123 385 3186 διν
403 3126 556 3211 συυαγύγη
575 3123 591 3187 δ
609 3126 682 3198 θεὸς
700 3124 925 3206 ἐπισυναγωγὴν
942 3133 996 3186 τοῦ
1015 3129 1099 3204 λαοῦ,
1122 3123 1173 3186 καὶ
1290 3194 1291 3205 ρ

234 3311 250 3357 3
268 3304 323 3359 Jer.
339 3309 382 3372 22,
396 3310 431 3359 28
440 3322 494 3376 sqq.
516 3337 547 3346 -
568 3311 673 3375 20-p.
688 3311 749 3374 247,
765 3311 781 3360 3
800 3305 833 3359 H.
847 3305 935 3360 Μοοο,
951 3310 976 3372 2,
991 3310 1071 3375 4ερη.

234 3458 268 3506 24
286 3453 445 3523 ἀυίφροιξεν
464 3455 543 3510 οοδδ.
555 3462 666 3524 praeter
682 3455 730 3508 ΑΡ
747 3455 912 3526 (ἐνέφραξεν
929 3457 1036 3525 Μύρα).

236 3605 270 3653 14
289 3602 334 3656 ἐπὶ
353 3603 399 3672 ἐτη
418 3602 447 3674 β’
462 3603 491 3657 P.
512 3635 545 3644 -
564 3611 598 3660 28
617 3605 808 3678 ἐπισυναγόγη
825 3606 855 3661 P.
