2617 3909
174 221 241 286 380
491 223 677 276 ΓΕΩΡΓΙΟΤ
695 222 876 274 MONAXOT

175 395 253 451 νομα
279 371 379 434 ἐλθὼν
405 371 438 433 ἐν
464 377 500 456 τῇ
528 370 613 456 ἑορτῇ
641 369 785 450 ἐξαίφνης
812 367 971 451 ἀνέκραξεν
996 368 1031 431 ἐν
1062 376 1104 453 τῶ
1130 371 1202 454 ίερῶ

173 469 279 551 λέγων·
304 470 393 549 φωνὴ
410 468 470 532 ἀπὸ
487 468 650 548 ἀνατολῶν,
674 468 762 547 φωνὴ
784 467 844 529 ἀπὸ
865 469 997 547 δυσμῶν,
1022 467 1114 546 φωνὴ
1133 467 1197 529 ἀπὸ

176 578 235 630 τῶν
257 565 290 629 δ’
312 567 439 648 ἀνίμων,
463 568 551 647 φωνὴ
573 566 622 628 ἐπί
638 563 828 648 Ἱεροσόλυμα
850 565 900 626 καὶ
922 566 1019 626 πάντα
1037 565 1092 627 τὸν
1110 565 1197 626 λαόν.

174 665 227 728 καί
253 675 344 728 ταῦτα
369 663 419 727 ἐπί
444 671 567 740 πολλαῖς
593 662 717 747 ἡμέραις
743 662 793 726 καί
820 665 941 736 νύκταις
967 665 1199 745 περιερχόμενος

150 762 210 827 σίν
235 772 271 845 τῇ
298 763 381 825 πόλει
407 760 572 836 ἀνενδότως
598 763 678 843 ἐβόα.
724 765 771 825 διὸ
799 763 851 823 καί
870 785 948 834 τινες
970 771 1029 822 τῶν
1053 763 1198 840 δημοτῶν

176 859 431 942 ἀγανακτήσαντες
458 861 592 939 μάστιξιν
618 861 711 924 αὐτὸν
739 862 884 933 αἰκίζοντο
912 857 961 919 ἐπὶ
991 863 1095 920 πλεῖον
1124 859 1198 938 κρύ-

177 962 264 1033 ζοντα
296 958 366 1036 μετὰ
398 959 537 1039 δακρύων
567 957 617 1020 καί
648 957 770 1040 λέγοντα
801 959 875 1039 πρὸς
907 955 1033 1035 ἑκάστην
1061 956 1196 1037 πληγήν·

178 1057 261 1135 οὐαί,
289 1057 372 1137 ούαί,
399 1055 468 1118 οὐαί
488 1051 682 1137 Ἱεροσόλυμα.
728 1056 801 1118 κατὰ
828 1055 861 1117 δὲ
887 1055 943 1134 τὴν
970 1054 1066 1132 αὐτὴν
1090 1053 1199 1134 ἑορτὴν

179 1157 253 1235 βοῦς
275 1153 349 1235 πρὸς
371 1156 485 1216 θυσίαν
507 1153 633 1234 ἀχθεῖσα
653 1154 829 1235 παραδόξως
851 1153 947 1214 ἔτεκεν
968 1151 1046 1234 ἀρνα
1064 1151 1098 1213 ἕν
1118 1151 1198 1238 με’σρι

40 1281 79 1319 τεν
92 1279 123 1318 υ.
140 1276 167 1318 ιο
180 1262 233 1314 τοῦ
260 1253 355 1333 ίεροῦ,
382 1253 461 1332 ἥτις,
489 1247 586 1332 οίμαι,
615 1253 666 1313 διὰ
693 1251 747 1332 μὲν
775 1261 827 1313 τοῦ
854 1250 935 1333 παρὰ
958 1251 1052 1329 φύσιν
1075 1260 1199 1311 τοκετοῦ

180 1351 345 1433 προεδήλου
372 1351 428 1428 τήν
454 1373 484 1412 τε
511 1348 585 1433 ὑπὲρ
613 1351 708 1429 φύσιν
731 1352 801 1431 βίαν
823 1348 874 1410 καί
897 1349 974 1429 βοὴν
996 1357 1050 1428 τῆς
1073 1349 1199 1424 πόλεως,

180 1449 230 1510 διὰ
257 1447 290 1510 δὲ
317 1458 371 1509 τοῦ
398 1448 492 1531 ἀρνοῦ
519 1449 574 1528 τὴν
600 1450 676 1531 πρὸς
698 1448 750 1510 τὸν
773 1447 869 1526 ἀμνὸν
890 1457 944 1508 τοῦ
966 1452 1043 1507 θεοῦ
1066 1445 1199 1527 Χριστὸν

180 1545 307 1627 ἀρνησιν
334 1557 394 1608 τῶν
412 1541 566 1608 Ἰουδαίων
593 1546 723 1628 ἐναργῶς
749 1544 885 1624 ύπίφηνε
912 1543 962 1605 καί
989 1543 1046 1622 τὴν
1072 1562 1197 1624 γενησο

182 1643 275 1722 μένην
307 1644 406 1706 αὐτῶν
437 1642 533 1724 ἀρδην
564 1667 595 1705 τε
628 1644 679 1705 καί
709 1643 931 1726 ἀργαλεωτάτηυ
963 1641 1118 1724 ἀναίρεσιν
1148 1642 1197 1702 καί
1282 1683 1283 1688 1

142 1767 168 1807 τε
182 1743 399 1823 πανωλεθρίαν.

192 1889 202 1897 .
252 1843 318 1902 Τῶν
342 1835 496 1901 Ἰουδαίων
527 1841 583 1920 τὴν
611 1839 686 1922 πρὸς
708 1835 870 1920 Ῥωμαίους
901 1837 1057 1918 ύποταγήν
1089 1860 1121 1898 τε
1149 1837 1199 1898 καὶ

183 1939 364 2020 φορολογίαν
399 1936 627 2018 ἀθετησοίντων,
669 1936 815 2000 ἀπέστειλε
847 1935 955 2018 Νέρων
980 1935 1049 1998 ἀπὸ
1080 1929 1200 2016 Ἀχαΐας

185 2036 410 2099 Οὐεσπασιανὸν
436 2036 505 2097 υἱὸν
532 2035 625 2097 αὐτοῦ
651 2036 709 2097 σὺν
736 2037 791 2120 υἱῷ
815 2035 908 2096 αὐτοῦ
939 2035 1013 2119 Τίτρι
1041 2051 1199 2113 στρατοπε-

183 2136 292 2216 δοίρχας
320 2133 395 2195 κατά
421 2144 480 2194 τῶν
499 2127 709 2214 Ἱεροσολύμων
737 2133 769 2194 ἐν
797 2133 921 2212 δυνάμει
943 2133 1048 2214 βαρείην
1072 2131 1200 2211 σφόδρα.

143 2257 170 2296 το
183 2232 216 2294 ἕν
243 2229 275 2293 δὲ
298 2238 361 2304 ταῖς
393 2227 516 2311 ἡμέραις
538 2241 590 2311 τῆς
613 2231 716 2312 ἑορτῆς
738 2240 791 2292 τοῦ
814 2231 910 2311 πάσχα
933 2230 1040 2300 πάντες
1064 2227 1126 2290 ἀπὸ
1148 2239 1202 2308 τῆς

180 2325 326 2402 Ἰουδαίας
349 2330 391 2402 είς
406 2323 592 2410 Ἱεροσόλυμα
614 2327 810 2410 παρεγένοντο
828 2327 878 2388 καί
896 2326 955 2388 ύπὸ
974 2337 1034 2387 τῶν
1049 2320 1202 2406 Ῥωμαίων

183 2428 216 2490 ἐν
239 2437 274 2512 τῇ
299 2426 475 2508 μητροπόλει
491 2428 710 2506 κατείρχθησαν
728 2426 825 2506 μόνοι,
847 2423 1135 2506 προύπεξελθόντων
1152 2424 1201 2484 διὰ

183 2527 270 2597 θείας
293 2524 509 2602 ἀποκαλύψεως
531 2533 591 2585 τῶν
609 2525 651 2596 εἰς
669 2525 798 2604 Χριστὸν
816 2523 1014 2584 πιστευόντων
1033 2521 1084 2583 καὶ
1104 2523 1202 2600 φίλοιν

257 2693 362 2756 20-γ.
379 2692 440 2754 381,
455 2694 470 2740 2
490 2690 524 2756 es.
539 2687 640 2740 Euseb.
655 2685 727 2740 Hist.
744 2685 810 2740 eccl.
826 2685 911 2754 111,5.

257 2820 355 2884 4νυξλ
372 2819 453 2875 FVR.
478 2852 512 2860 -·
537 2820 716 2890 6μάστνγξιν
734 2819 799 2874 BM.
824 2851 859 2858 -
881 2815 1020 2882 αίκίζοντο
1039 2816 1122 2870 AEN
1147 2815 1202 2872 ἐκί-

186 2897 264 2958 ζοντο
284 2891 304 2945 G
327 2889 455 2960 τ’μιίζοντο
473 2891 553 2946 BRV
575 2891 671 2958 ἥκιζου
690 2891 735 2944 FL
753 2888 918 2961 (αἰκίζονται
936 2889 1019 2958 ΕΗΒ.)
1040 2921 1074 2928 -
1099 2893 1116 2942 8
1137 2890 1203 2942 οόαλ

186 2965 296 3019 tendum
314 2979 364 3016 om.
379 2961 435 3015 PR.
455 2994 488 3002 —
509 2968 524 3016 9
544 2963 644 3033 ἀχθεὶς
661 2962 684 3016 Β
703 2970 728 3018 et
745 2963 770 3015 A
789 2963 827 3016 lit.
843 2979 877 3016 απ
894 2963 1022 3032 ἀχθεῖσα.
1043 2991 1077 2999 -
1098 2964 1133 3014 10
1152 2968 1203 3014 τοῦ

185 3031 350 3102 παραδόξου
371 3042 486 3088 τοκετοῦ
508 3034 564 3088 ΑΒ.
592 3065 626 3074 -
657 3039 689 3087 12
713 3033 763 3088 τὸν
785 3033 876 3103 ἀμυδν
899 3051 949 3088 om.
972 3031 1004 3084 Β.
1029 3063 1063 3071 -
1087 3032 1203 3101 χριστὸν

186 3123 237 3160 ουτ.
252 3105 284 3157 Α.
300 3136 333 3144 -
351 3111 383 3159 14
398 3105 710 3174 ἀργαλαιωτοίτηυΑὓΙι
724 3103 946 3174 δργαλαιοτοίτην
960 3103 1016 3156 FN.
1031 3134 1064 3142 —
1081 3108 1114 3156 15
1129 3122 1203 3156 παν-

188 3173 321 3243 ολεύρίαν
344 3176 530 3232 ABCEFLN.
557 3208 590 3216 -
621 3183 733 3230 16-16
756 3173 957 3244 πανωλεθρίαν
984 3183 1040 3228 τῶν
1063 3171 1204 3228 ίουδαίων

187 3247 238 3316 τὴν
261 3251 315 3301 κτλ.
341 3245 427 3303 OEN.
457 3280 490 3287 —
520 3252 552 3301 16
575 3256 632 3302 τῶν
656 3244 707 3304 οῦν
731 3243 909 3302 ίουδαίωνΑ
931 3253 987 3300 τῶν
1010 3245 1064 3314 γὰρ
1088 3244 1204 3300 ίουδ.Ρ

188 3327 243 3371 τῶν
262 3319 333 3372 ἰουδ.
349 3319 402 3388 γδιρ
421 3319 443 3370 Β
462 3327 517 3372 τῶν
536 3317 672 3372 λουδαίων
690 3317 787 3373 τοίνυν
801 3318 827 3372 V
849 3327 905 3371 τῶν
924 3317 995 3371 ίουδ.
1010 3323 1164 3384 τοιγαροῦν
1177 3313 1204 3368 R

189 3385 248 3455 μετ’
266 3390 298 3442 ού
317 3390 388 3442 πολύ
406 3389 460 3459 γὰρ
478 3397 534 3442 τῶν
553 3388 625 3442 λουδ.
639 3389 670 3442 L.
686 3420 719 3429 —
738 3389 789 3458 τὴν
805 3389 876 3456 πρὸς·
890 3385 1030 3458 βωμαίους
1048 3386 1102 3457 γὰρ
1116 3385 1152 3440 N.
1168 3419 1202 3426 —

191 3463 224 3510 18
242 3458 306 3513 υλδν
329 3461 417 3513 αύτοῦ
437 3476 505 3513 eras.
525 3460 557 3511 ι’νι
573 3459 629 3511 AL.
653 3488 687 3498 ·—
717 3465 820 3528 23·*P·
843 3463 907 3526 381,
928 3466 942 3513 1
967 3459 1015 3512 καί
1037 3455 1128 3526 φίλων
1154 3459 1203 3510 καί

191 3529 249 3594 (καὶ
263 3529 354 3597 (MV)
369 3527 457 3598 διγίωυ
471 3528 520 3582 καὶ
539 3529 597 3595 (καί
616 3545 665 3582 om.
680 3529 716 3598 N)
736 3531 845 3585 δούλων
862 3538 912 3584 τοῦ
925 3534 998 3584 θεοῦ
1012 3535 1076 3598 post
1093 3527 1205 3597 ἐρήμων

187 3615 216 3665 p.
233 3603 293 3665 381,
308 3605 324 3651 2
342 3601 394 3652 ι’κε.
410 3599 490 3651 οοδδ.
507 3614 575 3651 οοντ.
589 3616 623 3651 m.
638 3603 658 3652 2
676 3603 707 3652 ι’νι
725 3600 750 3652 A
768 3608 793 3654 ει
811 3601 881 3654 Mur.
