2617 3909
537 231 726 283 XPONIKON
1071 230 1139 294 229

124 376 191 460 περί
222 383 298 439 θεοῶ
320 377 435 456 ,ούσίαν
467 377 513 440 ἀεί
544 377 594 439 καί
626 388 774 459 προσεγῶς
806 378 881 464 αὐτῇ
913 378 963 441 καί
994 379 1052 462 πρὸ
1078 389 1141 441 τῶν

125 473 223 538 ἀλλων
246 473 360 555 ἀμέσως
383 472 521 555 ἡνῶσθαι
544 477 797 558 παραδεδομένην.
833 478 903 551 τούς
925 501 954 540 τε
972 478 1028 562 γὰρ
1048 477 1138 560 ἀγιω-

120 573 231 646 τάτους
253 572 386 655 θρόνους
408 572 459 635 καί
481 573 516 634 τὰ
542 574 736 654 πολυόμματα
763 574 813 636 καί
835 577 1002 658 πολύπτερα
1023 580 1138 658 Χερου-

123 669 177 751 βλμ
201 665 351 754 Ἑβραίων
382 680 470 757 φωνῇ
503 671 553 733 καί
580 671 725 753 Σεραφίμ
757 669 952 753 ώνομασμένα
982 674 1056 736 κατὰ
1082 672 1138 753 τὴν

122 769 244 832 πόντων
266 767 481 852 ὑπερκειμένην
503 769 646 852 ἐγγύτητα
669 769 735 851 περί
755 770 830 832 θεὸν
847 770 963 850 ἀμέσως
981 771 1141 855 ίδρύεσθαί
1166 790 1182 832 σ

124 885 202 947 φησι
223 866 421 949 παραδιδόναι
441 867 498 947 την
520 877 579 930 τῶν
602 869 689 950 ἱερῶν
713 869 820 950 λογίων
843 868 1050 950 έκφαντορίαν.
1087 868 1139 930 τὸν

124 963 276 1048 τριαδικδν
304 957 360 1026 ούν
387 973 492 1026 τούτου
520 965 684 1045 διάιωσμον
711 964 751 1040 δος
774 965 827 1027 ἕνα
853 965 904 1028 καί
932 964 1062 1048 ὁμοταγῆ
1088 965 1139 1028 καί

124 1061 217 1136 όντως
239 1063 360 1145 πρώτην
387 1063 535 1144 ίεραργίαν
563 1062 579 1125 ό
607 1062 721 1136 κλεινός
748 1060 834 1143 ἡμῶν
861 1062 921 1142 ἔφη
948 1065 1140 1145 ταθηγεμών,

123 1153 161 1239 ἧς
184 1161 239 1222 οόκ
265 1160 344 1222 ἔστιν
371 1159 452 1242 ἕτέρα
475 1159 677 1243 θεοειδεστέρα
703 1160 754 1222 καί
782 1167 985 1242 πρωτουργοῖς
1008 1171 1061 1241 της
1085 1167 1139 1222 θε-

124 1259 226 1340 αργίας
248 1257 427 1337 έλλάμψεσιν
449 1255 564 1336 ἀμέσως
587 1257 810 1341 προσεγεστέρα,
838 1256 978 1340 δευτέραν
1005 1257 1038 1320 δέ
1062 1253 1139 1320 εἶναι
1153 1280 1182 1321 ιο

123 1356 179 1436 την
199 1365 258 1417 τῶν
276 1355 418 1431 ἐξουσιῶν
436 1354 486 1416 καί
504 1355 688 1438 κυριοτύτων
705 1354 755 1417 καί
774 1357 930 1435 δυνάμεων
949 1361 1139 1439 συμπληρου-

125 1453 219 1534 μένην
245 1452 295 1514 καί
318 1454 418 1535 τρίτην
441 1448 487 1514 ἐπ’
513 1453 621 1540 έσχοίτηι
649 1464 709 1515 τῶν
732 1453 881 1535 οὐρανίων
905 1456 1059 1538 ίεραργιῶν
1083 1453 1139 1532 την

123 1561 183 1614 τῶν
205 1550 303 1633 ἀρχῶν
326 1550 376 1612 καί
398 1549 584 1632 ἀρχαγγέλων
606 1551 657 1613 καί
679 1550 810 1634 ἀγγέλων
832 1553 1036 1633 διακόσμησιν.
1153 1575 1193 1615 τοι
1206 1573 1241 1613 Μ.

188 1645 293 1712 Ἰστέον
315 1649 419 1710 τοίνυν
441 1647 481 1722 ῶς
504 1648 560 1710 ούιι
582 1647 673 1711 ἀλλον
695 1649 775 1723 τινὸς
792 1648 917 1732 ἀγγέλου
936 1651 1139 1732 προσηγορίαν

125 1747 271 1826 ἐδήλωσεν
294 1744 313 1826 ἡ
341 1747 442 1829 γραφὴ
470 1751 619 1820 παντελῶς
646 1745 667 1827 ἢ
694 1747 788 1827 μόνον
814 1757 873 1808 τῶν
899 1757 989 1830 τριῶν
1015 1747 1138 1828 τούτων,
1153 1770 1179 1810 ισ

123 1844 257 1927 Γαβριὴλ
275 1843 325 1906 καί
344 1843 469 1925 Μιγαήλ
487 1867 516 1906 τε
534 1843 583 1905 καί
601 1840 741 1924 Ῥαφαηλ
779 1845 892 1908 ούιιούν
909 1847 1139 1925 ἐματαιώθησαν

124 1943 157 2005 ἐκ
180 1941 336 2024 διαμέτρου
359 1941 408 2003 καὶ
431 1943 632 2022 πεπλόνηνται
657 1944 722 2004 λίαν
751 1946 782 2005 οἱ
801 1950 1067 2025 πλαστολογοῶντες
1089 1943 1140 2004 καί

124 2039 370 2122 παρεισφέροντες
402 2039 499 2122 ἑτέρας
526 2038 689 2120 ὀνομασίας
715 2039 845 2123 ἀγγέλων
872 2037 919 2103 ἐπ’
945 2040 1060 2127 ὀλέθρῳ
1087 2038 1140 2121 της

123 2137 237 2200 ἑαυτῶν
260 2136 381 2211 ἀνοσίας
404 2137 454 2198 παλ
476 2138 647 2210 παναθλίας
670 2148 772 2219 ψυχῆς
798 2138 849 2200 καί
875 2138 924 2200 έπί
949 2147 1138 2223 καταστροφῇ

123 2245 183 2298 τῶν
214 2234 386 2298 ἀκουόντων
415 2235 465 2298 καί
492 2234 681 2314 πειθομένων
708 2246 744 2321 τῇ
772 2242 932 2318 θεοστυγεῖ
954 2236 1052 2320 πλόνη
1079 2245 1138 2297 τῶν
1152 2259 1181 2298 ιο

125 2333 312 2412 δυσωνύμου
334 2333 384 2395 καί
406 2333 637 2413 πλαστωνύμων.
684 2332 781 2413 ἀμέλει
803 2333 836 2416 γέ
857 2357 903 2395 τοι
926 2333 953 2396 εί
973 2332 1023 2395 καί
1040 2343 1139 2395 τοιού-

124 2431 172 2492 τοί
197 2431 253 2492 εἰσι
283 2430 334 2493 καί
362 2431 538 2510 τηλικαύτης
570 2431 660 2511 δόξης
691 2431 724 2492 ἐκ
753 2440 806 2510 τῆς
835 2433 921 2504 θείας
950 2431 1139 2512 προσεδρείας

124 2527 311 2608 ἠξιώθησαν,
334 2525 397 2590 ἀλλ’
423 2527 513 2591 ου’δὲν
536 2539 595 2592 τῶν
619 2527 783 2608 μελλόντων
807 2530 915 2610 ἴσασιν,
938 2528 1009 2610 πρίν
1032 2526 1070 2589 ἀν
1088 2528 1139 2590 τύ-

123 2643 196 2706 χωσι
223 2627 308 2700 θείας
336 2625 553 2705 ἀποκαλύψεως
580 2626 661 2709 παρὰ
687 2637 740 2689 τοῦ
765 2627 861 2689 πάντα
883 2627 1139 2711 προγινώσκοντος

123 2724 213 2801 φύσει
239 2723 288 2785 καί
316 2723 509 2807 προλέγοντος
535 2731 611 2786 θεοῦ
643 2724 693 2786 καί
721 2726 887 2807 διαρρήδην
914 2717 948 2786 εδ
976 2725 1053 2805 μάλα
1080 2724 1139 2803 φά·
1153 2745 1183 2786 ιτ

135 2857 337 2864 ——-----—

198 2937 212 2984 1
231 2932 296 3022 περί
309 2931 381 2986 θεὸν
395 2929 447 2984 BD
458 2930 539 2986 Dion.
556 2963 589 2971 —
607 2938 624 2985 4
644 2930 819 3001 όνομασμένα
833 2931 942 2985 ΑΒΜΡ
953 2929 1035 2987 coisl.
1046 2936 1088 2985 28.
1104 2962 1139 2970 —

125 3007 158 3056 12
180 3001 319 3073 έπεσγατω
338 3001 465 3056 ADFPV
489 2998 535 3058 ἐπ’
552 3001 676 3075 έσγάτων
693 3002 754 3058 rell.
774 3035 807 3043 -
828 3008 861 3056 14
879 3000 989 3074 τοίνυν]
1008 3000 1060 3057 οὖν
1078 3001 1138 3056 RV.

122 3106 158 3114 —
179 3079 212 3128 16
230 3070 248 3142 ἢ
266 3072 402 3144 μόνωνΡ
425 3073 450 3127 εί
468 3073 504 3143 μὴ
524 3073 618 3144 μόνων
637 3074 667 3130 L.
687 3106 720 3114 —
746 3079 779 3128 16
798 3074 898 3144 μιγαὴλ
934 3072 1033 3144 αβριήλ
1051 3092 1080 3127 τε
1099 3074 1138 3141 (τε

122 3162 173 3202 om.
189 3145 215 3197 R
225 3143 308 3200 Coisl.
320 3149 364 3214 28)
379 3146 428 3198 καί
441 3142 554 3213 δαφαήλ
568 3144 775 3200 ALRcois1.28
795 3165 821 3213 μ.
836 3163 865 3198 τε
879 3095 932 3198 καί
941 3166 965 3215 γ.
980 3144 1028 3198 καί
1042 3140 1066 3213 ὅ
1081 3141 1139 3196 OF.

122 3247 157 3256 -
182 3235 211 3270 τε
234 3233 285 3272 οτι.
304 3216 337 3271 V.
363 3248 395 3256 -
422 3222 454 3270 18
473 3220 730 3285 πλαστονργυῦντες
750 3215 800 3268 AD
824 3222 850 3270 et
870 3231 941 3269 rece.
960 3214 1083 3282 quidam.
1103 3246 1138 3255 —

123 3293 157 3340 21
179 3287 204 3341 εί
226 3286 430 3413 οιιέΟΟῈΡΙιΝΙδ.
456 3319 489 3327 -
513 3294 546 3341 22
570 3284 740 3356 προσεδρίας
758 3285 920 3340 CDFHLP.
945 3318 978 3326 -
1003 3291 1037 3339 24
1056 3285 1144 3356 γινώ-

123 3376 240 3420 σκοντος
336 3402 341 3412 .

196 3543 209 3588 1
230 3537 279 3590 καλ
301 3545 418 3604 πρωτῶν
441 3535 531 3591 ἀλλων
553 3499 582 3589 Ρ.
608 3568 641 3576 -
671 3535 754 3591 λδιά
777 3535 881 3605 κοσμόν
899 3535 929 3589 Ρ.
949 3568 982 3576 -
1012 3541 1027 3589 9
1050 3539 1146 3604 θεαρ-

121 3603 201 3678 χείας
219 3606 248 3660 Ρ.
269 3638 302 3646 -
322 3613 355 3660 23
375 3606 470 3660 ίοίσασι
488 3607 517 3662 Ρ.
