2617 3909
514 214 733 282 ’1111111110
1017 232 1140 283 narn

115 373 253 439 codicem
283 379 354 439 libri
388 378 423 439 ca·
454 379 652 456 archetypum
682 378 822 439 habuisse
855 379 985 439 lacunas.
1031 380 1067 437 In
1101 379 1138 440 01

114 470 242 531 lacunas
260 469 330 529 illas
347 469 381 527 iu
395 468 517 529 Phocus
531 470 563 528 et
579 467 714 528 Heraclii
730 467 865 544 imperiis
883 468 1012 527 00011(Ιο
1029 487 1137 528 manua

106 558 178 617 alio
202 558 339 617 adhibito
362 556 438 617 libro
464 558 623 634 supplevit
669 556 786 617 Desunt
812 559 844 616 in
866 553 982 618 Phocae
1009 559 1136 633 imperio

108 649 243 719 ἰ100100
265 644 316 706 καὶ
338 644 376 724 δη
400 646 538 719 κελεύσας
559 667 588 723 p.
609 648 745 723 662,17
769 665 864 723 usque
886 646 925 705 ad
948 646 981 706 οἱ
1000 643 1032 706 δὲ
1055 643 1137 726 ὄχλοι

114 733 365 816 ἕντισάωαγθὲντες
382 756 410 812 p.
431 737 505 811 665,
521 737 550 810 5,
567 738 600 794 in
618 735 752 794 Heraclii
769 736 895 813 imperio
913 736 995 795 locus
1013 755 1032 794 a
1050 751 1137 816 στρα-

114 824 210 905 τηγὸν
232 822 325 886 αὐτὸν
346 846 375 902 p.
396 825 505 899 668,4
528 844 622 901 usque
646 825 684 883 ad
706 824 803 883 finem.
840 825 958 885 Desunt
980 829 1137 901 praeterea

115 914 241 992 genuini
260 915 392 974 chronici
409 914 469 974 loci
491 934 510 974 a
528 912 578 973 καὶ
601 912 676 973 κατὰ
693 921 747 974 τοῦ
769 920 887 992 χριστοῦ
906 912 998 974 αὐτοῦ
1016 935 1046 990 p.
1062 916 1137 990 735,

119 1006 160 1062 17
185 1022 281 1079 usquo
304 1003 342 1063 ad
365 1024 393 1080 p.
415 1005 491 1078 744,
513 1005 567 1079 10,
591 1022 610 1061 0
633 999 674 1075 ὡς
696 1000 777 1080 παρὰ
799 1002 923 1082 γνώμην
945 1023 973 1079 p.
995 1005 1134 1079 748,19

114 1111 214 1169 nsque
236 1092 276 1152 ad
297 1090 393 1170 ἐλύθη
416 1112 444 1168 p.
466 1094 538 1167 749,
560 1094 610 1167 13,
633 1092 867 1152 continuationis
889 1093 971 1151 locus
995 1112 1013 1152 a
1035 1097 1136 1170 θυμο-

114 1182 182 1260 ειδῆ
205 1203 234 1259 p.
258 1184 373 1257 723,9
398 1181 473 1241 Mur.
501 1200 596 1258 usque
624 1183 663 1240 ad
689 1202 718 1258 p.
745 1182 884 1256 728,10
912 1183 943 1240 01
970 1182 1134 1257 inscriptio.

115 1270 359 1331 Continuationis
377 1272 477 1330 textus
499 1272 615 1347 pariter
638 1274 729 1347 atque
746 1271 779 1328 in
796 1270 852 1329 Μο
870 1270 1061 1346 perturbatus
1080 1275 1134 1330 est.

110 1360 152 1418 .In
175 1362 311 1438 margine
334 1361 432 1437 prima
453 1379 560 1419 manus
587 1360 636 1419 hic
658 1360 722 1419 illic
744 1360 859 1420 scholia
884 1359 933 1419 vel
956 1359 1135 1419 vocabulum

114 1446 234 1527 σχάλιον
257 1449 398 1511 exhibuit.
440 1449 473 1507 P.
494 1450 601 1523 80,19
626 1449 671 1508 ed.
690 1449 765 1507 Mur.
788 1445 951 1528 λογοθέτης
972 1467 1033 1508 101
1056 1466 1134 1507 com-

105 1541 308 1597 memoratur.
354 1538 513 1598 Recentior
535 1558 641 1599 manus
666 1540 698 1596 in
720 1540 856 1617 margine
878 1538 1023 1613 plurimas
1045 1540 1134 1597 notas

114 1625 284 1703 adscripsit,
306 1630 372 1687 11111
395 1647 429 1687 ax
452 1628 521 1687 aliis
543 1627 632 1711 libris
650 1631 717 1687 tum
740 1646 756 1686 0
776 1626 901 1687 (ledreni
924 1627 1062 1686 chronico
1086 1647 1134 1686 ex·

114 1718 240 1792 cerptas.

106 1856 109 1861 .
183 1799 497 1887 Argentoratensem
511 1800 535 1865 l
548 1799 672 1867 Graeca
685 1797 705 1865 8
719 1798 793 1887 (Ar)
812 1807 926 1883 pn'mus
945 1807 1049 1865 notum
1062 1805 1135 1865 feeit

106 1898 146 1954 et
169 1894 328 1971 descripsit
350 1895 384 1954 Β.
405 1896 434 1953 Ζ.
453 1894 497 1953 IV
521 1887 638 1977 (1895)
661 1915 691 1971 p.
711 1897 775 1954 493
786 1914 850 1971 sqq.
871 1895 919 1953 Fr.
938 1894 1132 1954 Lauohertus.

107 1982 204 2042 Liber
231 1987 277 2044 est
304 1984 476 2045 0101100010
505 1985 616 2044 0000111
643 1984 716 2043 XVI
742 1985 883 2044 foliorum
911 2002 1034 2043 numero
1058 1984 1134 2057 388,

116 2093 148 2132 re
170 2091 242 2132 vera
262 2074 335 2148 391,
357 2091 426 2133 cum
449 2074 508 2133 duo
533 2074 594 2133 sint
616 2074 748 2150 praefixa
770 2091 830 2133 non
852 2077 1017 2147 numerata,
1038 2092 1134 2130 unum

114 2162 220 2222 itidem
238 2164 308 2239 post
320 2162 427 2222 folium
442 2163 506 2222 388
526 2163 684 2223 adiectum.
720 2163 757 2221 In
775 2163 848 2222 folio
863 2164 896 2221 3ῐ
914 2162 1046 2220 codicem
1059 2162 1134 2220 olim

106 2252 280 2326 possedisse
303 2252 463 2329 collegium
486 2252 637 2311 societatis
655 2252 728 2311 Jesu
746 2251 961 2311 Molshemense
982 2253 1132 2309 narratur.

115 2339 151 2397 In
168 2340 242 2400 folio
264 2342 296 2400 1¹
312 2341 404 2400 rubro
422 2344 591 2401 atramento
610 2343 754 2417 scriptum
773 2344 819 2400 est
831 2339 982 2420 Γεωργίοο
999 2346 1134 2419 μοναχοῦ

113 2426 164 2489 καὶ
185 2426 349 2509 λογοθέτου
372 2428 530 2509 ἱστορικόν,
551 2432 585 2488 in
607 2431 681 2489 solio
704 2433 736 2489 2¹
757 2431 843 2508 nigro
866 2436 926 2488 τῶν
949 2427 1133 2508 λογιωτάτων

114 2512 202 2599 (corr.
222 2538 258 2577 ex
276 2526 329 2578 τοῦ
343 2551 386 2559 -
401 2511 470 2600 τοο)
492 2541 557 2600 nvp.
576 2519 719 2600 γεωργίοο
742 2516 885 2599 συγγέλοο
908 2515 958 2577 καὶ
976 2527 1029 2577 τοῦ
1046 2522 1131 2599 λογο-

114 2605 204 2667 θὲτου
233 2607 395 2688 ἱστορικόν,
424 2611 453 2667 01
480 2610 561 2667 infra
588 2607 698 2687 τετραδ.
721 2601 781 2687 νβ’.
827 2607 864 2665 11
890 2608 964 2667 folio
988 2609 1021 2666 3¹
1042 2608 1132 2667 index

114 2697 247 2773 capitum
274 2698 381 2773 incipit
402 2697 492 2756 rubro
516 2700 684 2757 atramento
712 2697 754 2757 sic
778 2698 953 2772 inscriptus:
980 2695 1133 2776 Χρονικὸν

114 2785 263 2863 σύντομον
285 2783 317 2845 ἐκ
338 2785 493 2865 διαφόρων
515 2785 730 2867 χρονογράφων
752 2784 803 2845 καὶ
820 2783 971 2866 ἐξηγητῶν
994 2782 1133 2865 σνλλεγὲν

113 2872 162 2934 καὶ
184 2870 331 2935 συντεθὲν
353 2872 412 2935 ὑπὸ
431 2875 582 2955 Γεωργίοο
605 2883 737 2954 μοναχοῦ
759 2872 810 2935 καὶ
827 2872 972 2956 σνγγέλου
990 2874 1130 2953 χρηματί-

114 2982 220 3036 σαντος
242 2960 290 3023 ἐπὶ
313 2972 372 3023 τῶν
389 2962 505 3043 χρόνων
525 2964 675 3045 Ταρασίου
695 2972 748 3026 τοῦ
766 2960 931 3043 ἁγιωτάτων
949 2962 1130 3042 πατριάρχου

117 3051 457 3127 Κωνσταντινοοπόλεως
480 3050 550 3125 νέας
567 3047 689 3131 Ῥώμης·
736 3053 833 3129 Supra
855 3055 1003 3113 recentior
1024 3069 1132 3110 manus

113 3143 208 3201 multo
236 3141 380 3201 lucidiore
410 3162 501 3219 quam
529 3162 588 3218 quo
614 3144 703 3202 iudex
730 3145 858 3220 scriptus
886 3144 931 3202 est
962 3144 1131 3201 atramento

106 3232 203 3291 ,verba
220 3233 324 3307 posuit
338 3231 488 3313 Γεωργίου
507 3229 557 3291 καὶ
570 3228 741 3312 λογοθέτον.
775 3231 917 3308 Sequitur
933 3230 1022 3290 index
1040 3230 1129 3302 πίναξ

113 3317 238 3399 ἀκριβὴς
260 3329 314 3398 τῆς
331 3320 485 3400 παρούσης
507 3320 633 3393 nucleae
655 3320 761 3400 βίβλου
781 3321 950 3397 inscriptis.
986 3320 1066 3379 Ante
1085 3338 1129 3379 se·

114 3410 200 3469 cundi
219 3409 290 3468 libri
309 3412 409 3485 capita
430 3409 523 3470 rubra
544 3412 701 3487 inscriptio
725 3414 823 3470 exstat
844 3418 897 3470 τοῦ
918 3406 1011 3469 αὐτοῦ
1034 3406 1130 3487 ἕτερος

106 3497 209 3570 ττίναξ.
255 3498 300 3557 De
323 3498 421 3559 titulis
449 3500 502 3576 qui
524 3502 690 3575 sequuntur
710 3500 784 3558 haec
808 3499 1007 3558 animadverti
1028 3498 1129 3557 velim.

108 3587 292 3663 ,1101111111ιο
317 3580 405 3669 Ἀργη
433 3596 492 3648 τῶν
519 3596 627 3669 κριτῶν
654 3589 775 3647 sinistra
802 3604 904 3647 versus
931 3590 1016 3662 parte
1043 3586 1130 3661 prius
