<?xml version="1.0" encoding="UTF-8"?>
<!DOCTYPE html PUBLIC "-//W3C//DTD XHTML 1.0 Transitional//EN"
    "http://www.w3.org/TR/xhtml1/DTD/xhtml1-transitional.dtd">
<html xmlns="http://www.w3.org/1999/xhtml" xml:lang="en" lang="en">
 <head>
  <title>
</title>
<meta http-equiv="Content-Type" content="text/html;charset=utf-8" />
  <meta name='ocr-system' content='tesseract 3.04.00' />
  <meta name='ocr-capabilities' content='ocr_page ocr_carea ocr_par ocr_line ocrx_word'/>
</head>
<body>
  <div class='ocr_page' id='page_1' title='image "./georgiimonachic01boorgoog_0259.png"; bbox 0 0 2617 3909; ppageno 0'>
   <div class='ocr_carea' id='block_1_1' title="bbox 516 245 1113 310">
    <p class='ocr_par' dir='ltr' id='par_1_1' title="bbox 516 245 1113 310">
     <span class='ocr_line' id='line_1_1' title="bbox 516 245 1113 310; baseline 0 -12"><span class='ocrx_word' id='word_1_1' title='bbox 516 247 704 299; x_wconf 85' lang='lat' dir='ltr'>XPONIKON</span> <span class='ocrx_word' id='word_1_2' title='bbox 1052 245 1113 310; x_wconf 75' lang='grc'><strong><em>171</em></strong></span> 
     </span>
    </p>
   </div>
   <div class='ocr_carea' id='block_1_2' title="bbox 101 388 1239 2623">
    <p class='ocr_par' dir='ltr' id='par_1_2' title="bbox 103 388 1239 1745">
     <span class='ocr_line' id='line_1_2' title="bbox 105 388 1239 487; baseline 0.001 -31"><span class='ocrx_word' id='word_1_3' title='bbox 105 395 177 469; x_wconf 80' lang='grc' dir='ltr'><strong><em>τοὺς</em></strong></span> <span class='ocrx_word' id='word_1_4' title='bbox 195 388 389 473; x_wconf 76' lang='grc' dir='ltr'><strong><em>Ἀμαληκίτας</em></strong></span> <span class='ocrx_word' id='word_1_5' title='bbox 411 393 461 455; x_wconf 84' lang='grc' dir='ltr'><strong><em>καλ</em></strong></span> <span class='ocrx_word' id='word_1_6' title='bbox 484 395 555 474; x_wconf 83' lang='grc' dir='ltr'><strong><em>μετδι</em></strong></span> <span class='ocrx_word' id='word_1_7' title='bbox 576 397 662 473; x_wconf 81' lang='grc' dir='ltr'><strong><em>νίκης</em></strong></span> <span class='ocrx_word' id='word_1_8' title='bbox 682 393 921 476; x_wconf 77' lang='grc' dir='ltr'><strong><em>ὑποστρέψαντος</em></strong></span> <span class='ocrx_word' id='word_1_9' title='bbox 943 405 978 481; x_wconf 76' lang='grc' dir='ltr'><strong><em>τῇ</em></strong></span> <span class='ocrx_word' id='word_1_10' title='bbox 996 397 1115 480; x_wconf 75' lang='grc' dir='ltr'><em>τετάρτῃ</em></span> <span class='ocrx_word' id='word_1_11' title='bbox 1237 473 1239 487; x_wconf 38' lang='grc' dir='ltr'>Ι</span> 
     </span>
     <span class='ocr_line' id='line_1_3' title="bbox 104 490 1116 576; baseline 0.002 -22"><span class='ocrx_word' id='word_1_12' title='bbox 104 491 215 576; x_wconf 78' lang='grc' dir='ltr'><strong><em>ἡμέρᾳ,</em></strong></span> <span class='ocrx_word' id='word_1_13' title='bbox 242 491 342 573; x_wconf 84' lang='grc' dir='ltr'><strong><em>έπάγει</em></strong></span> <span class='ocrx_word' id='word_1_14' title='bbox 367 491 491 574; x_wconf 75' lang='grc' dir='ltr'><strong><em>λέγουσα</em></strong></span> <span class='ocrx_word' id='word_1_15' title='bbox 517 490 537 571; x_wconf 74' lang='grc' dir='ltr'>ἡ</span> <span class='ocrx_word' id='word_1_16' title='bbox 560 493 674 575; x_wconf 81' lang='grc' dir='ltr'><strong><em>γραφή·</em></strong></span> <span class='ocrx_word' id='word_1_17' title='bbox 702 492 752 554; x_wconf 85' lang='grc' dir='ltr'><strong><em>καλ</em></strong></span> <span class='ocrx_word' id='word_1_18' title='bbox 780 494 812 554; x_wconf 83' lang='grc' dir='ltr'><strong><em>οἱ</em></strong></span> <span class='ocrx_word' id='word_1_19' title='bbox 835 492 997 572; x_wconf 80' lang='grc' dir='ltr'><em>ἀλλόφυλοι</em></span> <span class='ocrx_word' id='word_1_20' title='bbox 1019 492 1116 556; x_wconf 74' lang='grc' dir='ltr'><strong><em>ἐπολέ-</em></strong></span> 
     </span>
     <span class='ocr_line' id='line_1_4' title="bbox 105 584 1116 673; baseline 0.001 -21"><span class='ocrx_word' id='word_1_21' title='bbox 105 613 185 669; x_wconf 92' lang='grc' dir='ltr'><strong><em>μουν</em></strong></span> <span class='ocrx_word' id='word_1_22' title='bbox 212 589 244 652; x_wconf 80' lang='grc' dir='ltr'><strong><em>ἕν</em></strong></span> <span class='ocrx_word' id='word_1_23' title='bbox 264 584 393 671; x_wconf 80' lang='grc' dir='ltr'><strong><em>Ἰσραήλ,</em></strong></span> <span class='ocrx_word' id='word_1_24' title='bbox 420 589 471 652; x_wconf 83' lang='grc' dir='ltr'><strong><em>καλ</em></strong></span> <span class='ocrx_word' id='word_1_25' title='bbox 497 589 611 672; x_wconf 73' lang='grc' dir='ltr'><strong><em>ἔφυγον</em></strong></span> <span class='ocrx_word' id='word_1_26' title='bbox 637 589 743 672; x_wconf 86' lang='grc' dir='ltr'><strong><em>ἀνδρες</em></strong></span> <span class='ocrx_word' id='word_1_27' title='bbox 762 585 876 672; x_wconf 77' lang='grc' dir='ltr'><strong><em>Ἰσραὴλ</em></strong></span> <span class='ocrx_word' id='word_1_28' title='bbox 901 591 934 653; x_wconf 79' lang='grc' dir='ltr'><strong><em>ἐκ</em></strong></span> <span class='ocrx_word' id='word_1_29' title='bbox 956 592 1116 673; x_wconf 79' lang='grc' dir='ltr'><strong><em>προσώπου</em></strong></span> 
     </span>
     <span class='ocr_line' id='line_1_5' title="bbox 105 686 1116 773; baseline 0.004 -25"><span class='ocrx_word' id='word_1_30' title='bbox 105 698 166 748; x_wconf 83' lang='grc' dir='ltr'><strong><em>τῶν</em></strong></span> <span class='ocrx_word' id='word_1_31' title='bbox 192 686 369 766; x_wconf 75' lang='grc' dir='ltr'><em>ἀλλοφύλων</em></span> <span class='ocrx_word' id='word_1_32' title='bbox 395 687 445 749; x_wconf 84' lang='grc' dir='ltr'><strong><em>καὶ</em></strong></span> <span class='ocrx_word' id='word_1_33' title='bbox 471 689 612 750; x_wconf 90' lang='grc' dir='ltr'><strong><em>πίπτουσι</em></strong></span> <span class='ocrx_word' id='word_1_34' title='bbox 637 689 813 770; x_wconf 76' lang='grc' dir='ltr'><strong><em>τραυματίαι</em></strong></span> <span class='ocrx_word' id='word_1_35' title='bbox 841 688 873 751; x_wconf 80' lang='grc' dir='ltr'><strong><em>έν</em></strong></span> <span class='ocrx_word' id='word_1_36' title='bbox 900 696 939 773; x_wconf 82' lang='grc' dir='ltr'><strong><em>τῷ</em></strong></span> <span class='ocrx_word' id='word_1_37' title='bbox 963 689 1024 771; x_wconf 84' lang='grc' dir='ltr'><strong><em>ύρει</em></strong></span> <span class='ocrx_word' id='word_1_38' title='bbox 1045 694 1116 752; x_wconf 90' lang='grc' dir='ltr'><strong><em>Γελ-</em></strong></span> 
     </span>
     <span class='ocr_line' id='line_1_6' title="bbox 105 784 1210 867; baseline 0 -20"><span class='ocrx_word' id='word_1_39' title='bbox 105 784 187 865; x_wconf 85' lang='grc' dir='ltr'><strong><em>βουέ.</em></strong></span> <span class='ocrx_word' id='word_1_40' title='bbox 232 784 282 846; x_wconf 83' lang='grc' dir='ltr'><strong><em>καί</em></strong></span> <span class='ocrx_word' id='word_1_41' title='bbox 308 786 467 866; x_wconf 82' lang='grc' dir='ltr'><strong><em>βαρύνεται</em></strong></span> <span class='ocrx_word' id='word_1_42' title='bbox 489 784 505 848; x_wconf 86' lang='grc' dir='ltr'><strong><em>δ</em></strong></span> <span class='ocrx_word' id='word_1_43' title='bbox 533 787 659 865; x_wconf 88' lang='grc' dir='ltr'><strong><em>πόλεμος</em></strong></span> <span class='ocrx_word' id='word_1_44' title='bbox 685 786 733 848; x_wconf 76' lang='grc' dir='ltr'><strong><em>ἐπὶ</em></strong></span> <span class='ocrx_word' id='word_1_45' title='bbox 756 787 872 867; x_wconf 91' lang='grc' dir='ltr'><strong><em>Σαούλ,</em></strong></span> <span class='ocrx_word' id='word_1_46' title='bbox 898 786 949 848; x_wconf 91' lang='grc' dir='ltr'><strong><em>καλ</em></strong></span> <span class='ocrx_word' id='word_1_47' title='bbox 970 788 1116 863; x_wconf 82' lang='grc' dir='ltr'><strong><em>τοξεύεται</em></strong></span> <span class='ocrx_word' id='word_1_48' title='bbox 1143 806 1155 847; x_wconf 81' lang='grc' dir='ltr'><em>τ</em></span> <span class='ocrx_word' id='word_1_49' title='bbox 1208 792 1210 796; x_wconf 83' lang='grc'><strong>’</strong></span> 
     </span>
     <span class='ocr_line' id='line_1_7' title="bbox 104 881 1115 966; baseline 0.003 -22"><span class='ocrx_word' id='word_1_50' title='bbox 104 883 150 956; x_wconf 80' lang='grc' dir='ltr'><strong><em>εἰς</em></strong></span> <span class='ocrx_word' id='word_1_51' title='bbox 171 883 207 943; x_wconf 87' lang='grc' dir='ltr'><strong><em>τδι</em></strong></span> <span class='ocrx_word' id='word_1_52' title='bbox 228 882 417 965; x_wconf 76' lang='grc' dir='ltr'><strong><em>ὑποχόνδρια.</em></strong></span> <span class='ocrx_word' id='word_1_53' title='bbox 453 884 481 944; x_wconf 84' lang='grc' dir='ltr'><strong><em>εί</em></strong></span> <span class='ocrx_word' id='word_1_54' title='bbox 502 881 534 945; x_wconf 76' lang='grc' dir='ltr'><strong><em>δὲ</em></strong></span> <span class='ocrx_word' id='word_1_55' title='bbox 554 883 604 945; x_wconf 84' lang='grc' dir='ltr'><strong><em>καί</em></strong></span> <span class='ocrx_word' id='word_1_56' title='bbox 621 883 800 964; x_wconf 75' lang='grc' dir='ltr'><strong><em>ἠλήθευσεν,</em></strong></span> <span class='ocrx_word' id='word_1_57' title='bbox 817 885 921 958; x_wconf 81' lang='grc' dir='ltr'><strong><em>καθώς</em></strong></span> <span class='ocrx_word' id='word_1_58' title='bbox 937 909 1014 959; x_wconf 89' lang='grc' dir='ltr'><strong><em>τινες</em></strong></span> <span class='ocrx_word' id='word_1_59' title='bbox 1031 887 1115 966; x_wconf 90' lang='grc' dir='ltr'><strong><em>νομί-</em></strong></span> 
     </span>
     <span class='ocr_line' id='line_1_8' title="bbox 106 979 1116 1063; baseline 0.003 -22"><span class='ocrx_word' id='word_1_60' title='bbox 106 982 223 1061; x_wconf 83' lang='grc' dir='ltr'><strong><em>ζουσιν,</em></strong></span> <span class='ocrx_word' id='word_1_61' title='bbox 251 980 289 1042; x_wconf 88' lang='grc' dir='ltr'><strong><em>ού</em></strong></span> <span class='ocrx_word' id='word_1_62' title='bbox 316 979 389 1062; x_wconf 85' lang='grc' dir='ltr'><strong><em>μέγα</em></strong></span> <span class='ocrx_word' id='word_1_63' title='bbox 414 990 509 1043; x_wconf 80' lang='grc' dir='ltr'><strong><em>τοῦτο.</em></strong></span> <span class='ocrx_word' id='word_1_64' title='bbox 555 979 571 1043; x_wconf 86' lang='grc' dir='ltr'><strong><em>δ</em></strong></span> <span class='ocrx_word' id='word_1_65' title='bbox 596 981 653 1063; x_wconf 89' lang='grc' dir='ltr'><strong><em>γδιρ</em></strong></span> <span class='ocrx_word' id='word_1_66' title='bbox 680 982 752 1055; x_wconf 80' lang='grc' dir='ltr'><strong><em>θεὸς</em></strong></span> <span class='ocrx_word' id='word_1_67' title='bbox 779 980 829 1042; x_wconf 88' lang='grc' dir='ltr'><strong><em>καλ</em></strong></span> <span class='ocrx_word' id='word_1_68' title='bbox 854 982 906 1044; x_wconf 87' lang='grc' dir='ltr'><strong><em>τὸν</em></strong></span> <span class='ocrx_word' id='word_1_69' title='bbox 934 983 1061 1062; x_wconf 85' lang='grc' dir='ltr'><strong><em>δαίμονα</em></strong></span> <span class='ocrx_word' id='word_1_70' title='bbox 1083 983 1116 1045; x_wconf 83' lang='grc' dir='ltr'><strong><em>έν</em></strong></span> 
     </span>
     <span class='ocr_line' id='line_1_9' title="bbox 105 1077 1116 1160; baseline 0.004 -22"><span class='ocrx_word' id='word_1_71' title='bbox 105 1078 231 1158; x_wconf 74' lang='grc' dir='ltr'><strong><em>σχήματι</em></strong></span> <span class='ocrx_word' id='word_1_72' title='bbox 253 1077 385 1157; x_wconf 82' lang='grc' dir='ltr'><strong><em>φανέντα</em></strong></span> <span class='ocrx_word' id='word_1_73' title='bbox 406 1088 460 1140; x_wconf 82' lang='grc' dir='ltr'><strong><em>τοῦ</em></strong></span> <span class='ocrx_word' id='word_1_74' title='bbox 482 1078 627 1157; x_wconf 81' lang='grc' dir='ltr'><strong><em>Σαμουὴλ</em></strong></span> <span class='ocrx_word' id='word_1_75' title='bbox 648 1079 741 1141; x_wconf 79' lang='grc' dir='ltr'><strong><em>εἰπεῖν</em></strong></span> <span class='ocrx_word' id='word_1_76' title='bbox 764 1077 874 1141; x_wconf 87' lang='grc' dir='ltr'><strong><em>ἀκοντα</em></strong></span> <span class='ocrx_word' id='word_1_77' title='bbox 895 1079 950 1160; x_wconf 78' lang='grc' dir='ltr'><strong><em>τήν</em></strong></span> <span class='ocrx_word' id='word_1_78' title='bbox 969 1079 1116 1160; x_wconf 80' lang='grc' dir='ltr'><strong><em>ἀλήθειαν</em></strong></span> 
     </span>
     <span class='ocr_line' id='line_1_10' title="bbox 104 1172 1212 1260; baseline 0.004 -24"><span class='ocrx_word' id='word_1_79' title='bbox 104 1176 336 1257; x_wconf 75' lang='grc' dir='ltr'><strong><em>κατηνάγκασεν,</em></strong></span> <span class='ocrx_word' id='word_1_80' title='bbox 358 1176 456 1258; x_wconf 82' lang='grc' dir='ltr'><strong><em>ὥσπερ</em></strong></span> <span class='ocrx_word' id='word_1_81' title='bbox 478 1176 528 1237; x_wconf 85' lang='grc' dir='ltr'><strong><em>καλ</em></strong></span> <span class='ocrx_word' id='word_1_82' title='bbox 550 1176 602 1238; x_wconf 84' lang='grc' dir='ltr'><strong><em>τὸν</em></strong></span> <span class='ocrx_word' id='word_1_83' title='bbox 618 1175 743 1255; x_wconf 79' lang='grc' dir='ltr'><strong><em>Βαλαὰμ</em></strong></span> <span class='ocrx_word' id='word_1_84' title='bbox 760 1177 917 1257; x_wconf 77' lang='grc' dir='ltr'><strong><em>εὐλογῆσαι</em></strong></span> <span class='ocrx_word' id='word_1_85' title='bbox 934 1177 986 1240; x_wconf 83' lang='grc' dir='ltr'><strong><em>τὸν</em></strong></span> <span class='ocrx_word' id='word_1_86' title='bbox 1001 1172 1116 1260; x_wconf 76' lang='grc' dir='ltr'><strong><em>Ἰσραὴλ</em></strong></span> <span class='ocrx_word' id='word_1_87' title='bbox 1130 1189 1168 1229; x_wconf 76' lang='lat'><strong><em>121</em></strong></span> <span class='ocrx_word' id='word_1_88' title='bbox 1181 1187 1212 1228; x_wconf 75' lang='grc' dir='ltr'><strong><em>Μ-</em></strong></span> 
     </span>
     <span class='ocr_line' id='line_1_11' title="bbox 105 1270 1156 1358; baseline 0 -23"><span class='ocrx_word' id='word_1_89' title='bbox 105 1270 217 1335; x_wconf 79' lang='grc' dir='ltr'><strong><em>ύκοντα</em></strong></span> <span class='ocrx_word' id='word_1_90' title='bbox 238 1275 407 1353; x_wconf 86' lang='grc' dir='ltr'><strong><em>πεποίηκεν.</em></strong></span> <span class='ocrx_word' id='word_1_91' title='bbox 452 1273 512 1352; x_wconf 79' lang='grc' dir='ltr'><strong><em>ἔφη</em></strong></span> <span class='ocrx_word' id='word_1_92' title='bbox 538 1274 606 1355; x_wconf 88' lang='grc' dir='ltr'><strong><em>γάρ·</em></strong></span> <span class='ocrx_word' id='word_1_93' title='bbox 630 1272 687 1334; x_wconf 84' lang='grc' dir='ltr'><strong><em>κάν</em></strong></span> <span class='ocrx_word' id='word_1_94' title='bbox 714 1272 848 1358; x_wconf 82' lang='grc' dir='ltr'><strong><em>ἀπέλθης</em></strong></span> <span class='ocrx_word' id='word_1_95' title='bbox 870 1275 944 1356; x_wconf 83' lang='grc' dir='ltr'><strong><em>πρὸς</em></strong></span> <span class='ocrx_word' id='word_1_96' title='bbox 966 1275 1017 1338; x_wconf 91' lang='grc' dir='ltr'><strong><em>τὸν</em></strong></span> <span class='ocrx_word' id='word_1_97' title='bbox 1039 1290 1115 1353; x_wconf 85' lang='grc' dir='ltr'><strong><em>ψευ-</em></strong></span> <span class='ocrx_word' id='word_1_98' title='bbox 1130 1294 1156 1336; x_wconf 83' lang='grc' dir='ltr'><strong><em>ιο</em></strong></span> 
     </span>
     <span class='ocr_line' id='line_1_12' title="bbox 105 1369 1115 1454; baseline 0.001 -21"><span class='ocrx_word' id='word_1_99' title='bbox 105 1371 316 1453; x_wconf 77' lang='grc' dir='ltr'><strong><em>δοπροφήτην,</em></strong></span> <span class='ocrx_word' id='word_1_100' title='bbox 347 1369 404 1453; x_wconf 77' lang='grc' dir='ltr'><strong><em>ἐγὼ</em></strong></span> <span class='ocrx_word' id='word_1_101' title='bbox 435 1371 538 1452; x_wconf 90' lang='grc' dir='ltr'><strong><em>κύριος</em></strong></span> <span class='ocrx_word' id='word_1_102' title='bbox 568 1369 813 1453; x_wconf 78' lang='grc' dir='ltr'><strong><em>ἀποκριθήσομαί</em></strong></span> <span class='ocrx_word' id='word_1_103' title='bbox 838 1390 893 1434; x_wconf 92' lang='grc' dir='ltr'><strong><em>σοι.</em></strong></span> <span class='ocrx_word' id='word_1_104' title='bbox 937 1381 991 1434; x_wconf 79' lang='grc' dir='ltr'><strong><em>τοῦ</em></strong></span> <span class='ocrx_word' id='word_1_105' title='bbox 1020 1371 1052 1434; x_wconf 87' lang='grc' dir='ltr'><strong><em>δέ</em></strong></span> <span class='ocrx_word' id='word_1_106' title='bbox 1083 1395 1115 1454; x_wconf 87' lang='grc' dir='ltr'><strong><em>γε</em></strong></span> 
     </span>
     <span class='ocr_line' id='line_1_13' title="bbox 104 1463 1116 1550; baseline 0.001 -21"><span class='ocrx_word' id='word_1_107' title='bbox 104 1469 210 1530; x_wconf 79' lang='grc' dir='ltr'><strong><em>Σαούλ</em></strong></span> <span class='ocrx_word' id='word_1_108' title='bbox 236 1466 444 1550; x_wconf 76' lang='grc' dir='ltr'><strong><em>ἀναιρεθέντος</em></strong></span> <span class='ocrx_word' id='word_1_109' title='bbox 469 1467 637 1530; x_wconf 82' lang='grc' dir='ltr'><strong><em>καταλιπὼν</em></strong></span> <span class='ocrx_word' id='word_1_110' title='bbox 659 1467 758 1531; x_wconf 86' lang='grc' dir='ltr'><strong><em>Δαυλδ</em></strong></span> <span class='ocrx_word' id='word_1_111' title='bbox 784 1469 835 1532; x_wconf 87' lang='grc' dir='ltr'><strong><em>τὸν</em></strong></span> <span class='ocrx_word' id='word_1_112' title='bbox 854 1463 975 1550; x_wconf 81' lang='grc' dir='ltr'><strong><em>Ἀγχοὺς</em></strong></span> <span class='ocrx_word' id='word_1_113' title='bbox 997 1469 1116 1550; x_wconf 78' lang='grc' dir='ltr'><strong><em>βασιλέα</em></strong></span> 
     </span>
     <span class='ocr_line' id='line_1_14' title="bbox 103 1562 1117 1649; baseline 0.001 -22"><span class='ocrx_word' id='word_1_114' title='bbox 103 1575 166 1627; x_wconf 83' lang='grc' dir='ltr'><strong><em>τῶν</em></strong></span> <span class='ocrx_word' id='word_1_115' title='bbox 196 1565 372 1643; x_wconf 79' lang='grc' dir='ltr'><strong><em>ἀλλοφύλων</em></strong></span> <span class='ocrx_word' id='word_1_116' title='bbox 407 1565 457 1628; x_wconf 83' lang='grc' dir='ltr'><strong><em>καλ</em></strong></span> <span class='ocrx_word' id='word_1_117' title='bbox 488 1565 586 1628; x_wconf 77' lang='grc' dir='ltr'><strong><em>έλθδον</em></strong></span> <span class='ocrx_word' id='word_1_118' title='bbox 619 1566 661 1640; x_wconf 84' lang='grc' dir='ltr'><strong><em>εἰς</em></strong></span> <span class='ocrx_word' id='word_1_119' title='bbox 693 1565 748 1645; x_wconf 77' lang='grc' dir='ltr'><strong><em>τὴν</em></strong></span> <span class='ocrx_word' id='word_1_120' title='bbox 776 1562 924 1628; x_wconf 83' lang='grc' dir='ltr'><strong><em>Ἰουδαίαν</em></strong></span> <span class='ocrx_word' id='word_1_121' title='bbox 959 1568 1033 1649; x_wconf 81' lang='grc' dir='ltr'><strong><em>πρὸς</em></strong></span> <span class='ocrx_word' id='word_1_122' title='bbox 1063 1569 1117 1631; x_wconf 80' lang='grc' dir='ltr'><strong><em>τὸν</em></strong></span> 
     </span>
     <span class='ocr_line' id='line_1_15' title="bbox 105 1658 938 1745; baseline 0.002 -21"><span class='ocrx_word' id='word_1_123' title='bbox 105 1661 261 1742; x_wconf 81' lang='grc' dir='ltr'><strong><em>ὁμόφυλον</em></strong></span> <span class='ocrx_word' id='word_1_124' title='bbox 280 1658 395 1745; x_wconf 75' lang='grc' dir='ltr'><strong><em>Ἰσραὴλ</em></strong></span> <span class='ocrx_word' id='word_1_125' title='bbox 417 1664 564 1744; x_wconf 80' lang='grc' dir='ltr'><strong><em>βασιλεύει</em></strong></span> <span class='ocrx_word' id='word_1_126' title='bbox 584 1663 659 1724; x_wconf 84' lang='grc' dir='ltr'><strong><em>κατὰ</em></strong></span> <span class='ocrx_word' id='word_1_127' title='bbox 681 1665 769 1725; x_wconf 78' lang='grc' dir='ltr'><strong><em>θείαν</em></strong></span> <span class='ocrx_word' id='word_1_128' title='bbox 791 1664 938 1727; x_wconf 80' lang='grc' dir='ltr'><strong><em>εὐδοκίαν.</em></strong></span> 
     </span>
    </p>

    <p class='ocr_par' dir='ltr' id='par_1_3' title="bbox 101 1754 1157 2623">
     <span class='ocr_line' id='line_1_16' title="bbox 175 1754 1155 1849; baseline 0.001 -27"><span class='ocrx_word' id='word_1_129' title='bbox 175 1766 247 1834; x_wconf 83' lang='grc' dir='ltr'><strong><em>Πῶς</em></strong></span> <span class='ocrx_word' id='word_1_130' title='bbox 269 1754 335 1842; x_wconf 88' lang='grc' dir='ltr'><strong><em>ούν,</em></strong></span> <span class='ocrx_word' id='word_1_131' title='bbox 358 1761 453 1841; x_wconf 88' lang='grc' dir='ltr'><strong><em>φησλν</em></strong></span> <span class='ocrx_word' id='word_1_132' title='bbox 471 1759 487 1823; x_wconf 89' lang='grc' dir='ltr'><strong><em>δ</em></strong></span> <span class='ocrx_word' id='word_1_133' title='bbox 506 1760 594 1842; x_wconf 79' lang='grc' dir='ltr'><strong><em>μέγας</em></strong></span> <span class='ocrx_word' id='word_1_134' title='bbox 611 1762 772 1843; x_wconf 85' lang='grc' dir='ltr'><strong><em>Βασίλειος,</em></strong></span> <span class='ocrx_word' id='word_1_135' title='bbox 790 1762 823 1824; x_wconf 85' lang='grc' dir='ltr'><strong><em>έν</em></strong></span> <span class='ocrx_word' id='word_1_136' title='bbox 841 1759 894 1841; x_wconf 79' lang='grc' dir='ltr'><strong><em>μέν</em></strong></span> <span class='ocrx_word' id='word_1_137' title='bbox 912 1772 947 1848; x_wconf 77' lang='grc' dir='ltr'><strong><em>τῇ</em></strong></span> <span class='ocrx_word' id='word_1_138' title='bbox 966 1763 1115 1849; x_wconf 78' lang='grc' dir='ltr'><strong><em>ἐπιγραφῇ</em></strong></span> <span class='ocrx_word' id='word_1_139' title='bbox 1131 1783 1155 1824; x_wconf 80' lang='grc' dir='ltr'><strong><em>τι</em></strong></span> 
     </span>
     <span class='ocr_line' id='line_1_17' title="bbox 104 1854 1117 1943; baseline 0.003 -24"><span class='ocrx_word' id='word_1_140' title='bbox 104 1867 159 1919; x_wconf 84' lang='grc' dir='ltr'><strong><em>τοῦ</em></strong></span> <span class='ocrx_word' id='word_1_141' title='bbox 187 1856 234 1940; x_wconf 86' lang='grc' dir='ltr'><strong><em>λγ’</em></strong></span> <span class='ocrx_word' id='word_1_142' title='bbox 260 1864 382 1938; x_wconf 83' lang='grc' dir='ltr'><strong><em>ψαλμοῦ</em></strong></span> <span class='ocrx_word' id='word_1_143' title='bbox 406 1855 554 1940; x_wconf 79' lang='grc' dir='ltr'><strong><em>Ἀβιμέλεχ</em></strong></span> <span class='ocrx_word' id='word_1_144' title='bbox 585 1858 758 1940; x_wconf 76' lang='grc' dir='ltr'><strong><em>ὀνομάζεται</em></strong></span> <span class='ocrx_word' id='word_1_145' title='bbox 784 1854 874 1943; x_wconf 84' lang='grc' dir='ltr'><strong><em>(φησλ</em></strong></span> <span class='ocrx_word' id='word_1_146' title='bbox 902 1860 971 1942; x_wconf 79' lang='grc' dir='ltr'><strong><em>γάρ·</em></strong></span> <span class='ocrx_word' id='word_1_147' title='bbox 997 1863 1117 1941; x_wconf 81' lang='grc' dir='ltr'><strong><em>ψαλμδς</em></strong></span> 
     </span>
     <span class='ocr_line' id='line_1_18' title="bbox 104 1954 1116 2040; baseline 0.005 -24"><span class='ocrx_word' id='word_1_148' title='bbox 104 1962 145 2040; x_wconf 77' lang='grc' dir='ltr'><strong><em>τῷ</em></strong></span> <span class='ocrx_word' id='word_1_149' title='bbox 169 1956 281 2035; x_wconf 83' lang='grc' dir='ltr'><strong><em>Δαυίδ,</em></strong></span> <span class='ocrx_word' id='word_1_150' title='bbox 313 1954 399 2018; x_wconf 82' lang='grc' dir='ltr'><strong><em>ὁπότε</em></strong></span> <span class='ocrx_word' id='word_1_151' title='bbox 429 1955 571 2036; x_wconf 79' lang='grc' dir='ltr'><strong><em>ἦλλοίασε</em></strong></span> <span class='ocrx_word' id='word_1_152' title='bbox 602 1957 635 2021; x_wconf 81' lang='grc' dir='ltr'><strong><em>τὸ</em></strong></span> <span class='ocrx_word' id='word_1_153' title='bbox 667 1959 826 2039; x_wconf 83' lang='grc' dir='ltr'><strong><em>πρόσωπον</em></strong></span> <span class='ocrx_word' id='word_1_154' title='bbox 857 1957 951 2020; x_wconf 74' lang='grc' dir='ltr'><strong><em>αὐτοῦ</em></strong></span> <span class='ocrx_word' id='word_1_155' title='bbox 981 1958 1116 2021; x_wconf 79' lang='grc' dir='ltr'><strong><em>ἐναντίον</em></strong></span> 
     </span>
     <span class='ocr_line' id='line_1_19' title="bbox 101 2047 1116 2137; baseline 0.006 -23"><span class='ocrx_word' id='word_1_156' title='bbox 101 2047 261 2133; x_wconf 80' lang='grc' dir='ltr'><strong><em>Ἀβιμέλεχ,</em></strong></span> <span class='ocrx_word' id='word_1_157' title='bbox 283 2052 334 2114; x_wconf 84' lang='grc' dir='ltr'><strong><em>καί</em></strong></span> <span class='ocrx_word' id='word_1_158' title='bbox 355 2051 499 2115; x_wconf 78' lang='grc' dir='ltr'><strong><em>ἀπέλυσεν</em></strong></span> <span class='ocrx_word' id='word_1_159' title='bbox 522 2050 637 2137; x_wconf 76' lang='grc' dir='ltr'><strong><em>αὐτόν),</em></strong></span> <span class='ocrx_word' id='word_1_160' title='bbox 660 2052 680 2133; x_wconf 75' lang='grc' dir='ltr'><em>ἡ</em></span> <span class='ocrx_word' id='word_1_161' title='bbox 704 2053 736 2117; x_wconf 79' lang='grc' dir='ltr'><strong><em>δὲ</em></strong></span> <span class='ocrx_word' id='word_1_162' title='bbox 756 2055 869 2136; x_wconf 82' lang='grc' dir='ltr'><strong><em>ἱστορία</em></strong></span> <span class='ocrx_word' id='word_1_163' title='bbox 883 2049 1005 2136; x_wconf 81' lang='grc' dir='ltr'><strong><em>Ἀγχοάς</em></strong></span> <span class='ocrx_word' id='word_1_164' title='bbox 1024 2056 1116 2120; x_wconf 72' lang='grc' dir='ltr'><strong><em>αὐτὸν</em></strong></span> 
     </span>
     <span class='ocr_line' id='line_1_20' title="bbox 101 2149 1116 2233; baseline 0.003 -22"><span class='ocrx_word' id='word_1_165' title='bbox 101 2152 355 2232; x_wconf 73' lang='grc' dir='ltr'><strong><em>προσηγόρευσενς</em></strong></span> <span class='ocrx_word' id='word_1_166' title='bbox 381 2150 432 2212; x_wconf 89' lang='grc' dir='ltr'><strong><em>καλ</em></strong></span> <span class='ocrx_word' id='word_1_167' title='bbox 458 2149 572 2232; x_wconf 83' lang='grc' dir='ltr'><strong><em>φαμέν,</em></strong></span> <span class='ocrx_word' id='word_1_168' title='bbox 601 2150 639 2226; x_wconf 83' lang='grc' dir='ltr'><strong><em>ἀς</em></strong></span> <span class='ocrx_word' id='word_1_169' title='bbox 667 2152 802 2214; x_wconf 78' lang='grc' dir='ltr'><strong><em>τοιοῦτόν</em></strong></span> <span class='ocrx_word' id='word_1_170' title='bbox 829 2174 895 2212; x_wconf 90' lang='grc' dir='ltr'><strong><em>τινα</em></strong></span> <span class='ocrx_word' id='word_1_171' title='bbox 922 2152 1010 2233; x_wconf 87' lang='grc' dir='ltr'><strong><em>λόγον</em></strong></span> <span class='ocrx_word' id='word_1_172' title='bbox 1033 2155 1116 2231; x_wconf 76' lang='grc' dir='ltr'><strong><em>φθά-</em></strong></span> 
     </span>
     <span class='ocr_line' id='line_1_21' title="bbox 104 2245 1157 2330; baseline 0 -20"><span class='ocrx_word' id='word_1_173' title='bbox 104 2267 198 2310; x_wconf 89' lang='grc' dir='ltr'><strong><em>σαντα</em></strong></span> <span class='ocrx_word' id='word_1_174' title='bbox 223 2248 266 2322; x_wconf 85' lang='grc' dir='ltr'><strong><em>είς</em></strong></span> <span class='ocrx_word' id='word_1_175' title='bbox 287 2245 367 2327; x_wconf 75' lang='grc' dir='ltr'><strong><em>ἡμᾶς</em></strong></span> <span class='ocrx_word' id='word_1_176' title='bbox 392 2247 425 2310; x_wconf 74' lang='grc' dir='ltr'><strong><em>ἐκ</em></strong></span> <span class='ocrx_word' id='word_1_177' title='bbox 451 2249 654 2330; x_wconf 82' lang='grc' dir='ltr'><strong><em>παραδόσεως,</em></strong></span> <span class='ocrx_word' id='word_1_178' title='bbox 682 2249 727 2311; x_wconf 78' lang='grc' dir='ltr'><strong><em>ὅτι</em></strong></span> <span class='ocrx_word' id='word_1_179' title='bbox 749 2249 781 2310; x_wconf 83' lang='grc' dir='ltr'><strong><em>ολ</em></strong></span> <span class='ocrx_word' id='word_1_180' title='bbox 799 2250 928 2328; x_wconf 83' lang='grc' dir='ltr'><strong><em>βασιλεῖς</em></strong></span> <span class='ocrx_word' id='word_1_181' title='bbox 949 2258 1009 2310; x_wconf 84' lang='grc' dir='ltr'><strong><em>τῶν</em></strong></span> <span class='ocrx_word' id='word_1_182' title='bbox 1030 2249 1116 2313; x_wconf 89' lang='grc' dir='ltr'><strong><em>ἀλλο·</em></strong></span> <span class='ocrx_word' id='word_1_183' title='bbox 1130 2269 1157 2310; x_wconf 83' lang='grc' dir='ltr'><strong><em>εο</em></strong></span> 
     </span>
     <span class='ocr_line' id='line_1_22' title="bbox 105 2341 1116 2426; baseline 0.002 -18"><span class='ocrx_word' id='word_1_184' title='bbox 105 2347 213 2425; x_wconf 81' lang='grc' dir='ltr'><strong><em>φύλων</em></strong></span> <span class='ocrx_word' id='word_1_185' title='bbox 229 2346 333 2408; x_wconf 82' lang='grc' dir='ltr'><strong><em>κοινὸν</em></strong></span> <span class='ocrx_word' id='word_1_186' title='bbox 351 2344 405 2425; x_wconf 72' lang='grc' dir='ltr'><strong><em>μὲν</em></strong></span> <span class='ocrx_word' id='word_1_187' title='bbox 421 2341 501 2426; x_wconf 80' lang='grc' dir='ltr'><strong><em>εἶχον</em></strong></span> <span class='ocrx_word' id='word_1_188' title='bbox 519 2344 614 2425; x_wconf 79' lang='grc' dir='ltr'><strong><em>ὄνομα</em></strong></span> <span class='ocrx_word' id='word_1_189' title='bbox 631 2346 664 2408; x_wconf 83' lang='grc' dir='ltr'><strong><em>τὸ</em></strong></span> <span class='ocrx_word' id='word_1_190' title='bbox 675 2341 832 2426; x_wconf 75' lang='grc' dir='ltr'><strong><em>Ἀβιμέλεχ,</em></strong></span> <span class='ocrx_word' id='word_1_191' title='bbox 851 2346 928 2407; x_wconf 80' lang='grc' dir='ltr'><strong><em>ἰ’διον</em></strong></span> <span class='ocrx_word' id='word_1_192' title='bbox 947 2345 979 2408; x_wconf 83' lang='grc' dir='ltr'><strong><em>δὲ</em></strong></span> <span class='ocrx_word' id='word_1_193' title='bbox 997 2345 1116 2423; x_wconf 72' lang='grc' dir='ltr'><strong><em>ἕκαστος</em></strong></span> 
     </span>
     <span class='ocr_line' id='line_1_23' title="bbox 104 2437 1117 2525; baseline -0.001 -20"><span class='ocrx_word' id='word_1_194' title='bbox 104 2442 122 2506; x_wconf 79' lang='grc' dir='ltr'><strong><em>δ</em></strong></span> <span class='ocrx_word' id='word_1_195' title='bbox 149 2444 390 2525; x_wconf 78' lang='grc' dir='ltr'><strong><em>προσηγορεύετο.</em></strong></span> <span class='ocrx_word' id='word_1_196' title='bbox 435 2442 475 2518; x_wconf 83' lang='grc' dir='ltr'><strong><em>ὡς</em></strong></span> <span class='ocrx_word' id='word_1_197' title='bbox 506 2442 557 2505; x_wconf 90' lang='grc' dir='ltr'><strong><em>καλ</em></strong></span> <span class='ocrx_word' id='word_1_198' title='bbox 583 2443 631 2506; x_wconf 82' lang='grc' dir='ltr'><strong><em>έττλ</em></strong></span> <span class='ocrx_word' id='word_1_199' title='bbox 662 2453 714 2524; x_wconf 77' lang='grc' dir='ltr'><strong><em>τῆς</em></strong></span> <span class='ocrx_word' id='word_1_200' title='bbox 740 2437 901 2523; x_wconf 77' lang='grc' dir='ltr'><strong><em>Ῥωμαϊκῆς</em></strong></span> <span class='ocrx_word' id='word_1_201' title='bbox 932 2443 1010 2506; x_wconf 77' lang='grc' dir='ltr'><strong><em>ἔστιν</em></strong></span> <span class='ocrx_word' id='word_1_202' title='bbox 1042 2444 1117 2506; x_wconf 79' lang='grc' dir='ltr'><strong><em>ἰδεῖν</em></strong></span> 
     </span>
     <span class='ocr_line' id='line_1_24' title="bbox 104 2540 1115 2623; baseline 0 -20"><span class='ocrx_word' id='word_1_203' title='bbox 104 2543 254 2622; x_wconf 81' lang='grc' dir='ltr'><strong><em>βασιλείας</em></strong></span> <span class='ocrx_word' id='word_1_204' title='bbox 275 2544 427 2623; x_wconf 85' lang='grc' dir='ltr'><strong><em>Καίσαρας</em></strong></span> <span class='ocrx_word' id='word_1_205' title='bbox 450 2540 504 2621; x_wconf 68' lang='grc' dir='ltr'><strong><em>μὲν</em></strong></span> <span class='ocrx_word' id='word_1_206' title='bbox 527 2540 703 2623; x_wconf 72' lang='grc' dir='ltr'><strong><em>λεγομένους</em></strong></span> <span class='ocrx_word' id='word_1_207' title='bbox 719 2550 827 2617; x_wconf 84' lang='grc' dir='ltr'><strong><em>κοινῶς</em></strong></span> <span class='ocrx_word' id='word_1_208' title='bbox 844 2540 894 2602; x_wconf 90' lang='grc' dir='ltr'><strong><em>καλ</em></strong></span> <span class='ocrx_word' id='word_1_209' title='bbox 913 2541 1115 2623; x_wconf 86' lang='grc' dir='ltr'><strong><em>Αάγούστους,</em></strong></span> 
     </span>
    </p>
   </div>
   <div class='ocr_carea' id='block_1_3' title="bbox 104 2729 1116 2869">
    <p class='ocr_par' dir='ltr' id='par_1_4' title="bbox 104 2729 1116 2869">
     <span class='ocr_line' id='line_1_25' title="bbox 177 2729 1116 2801; baseline 0.001 -17"><span class='ocrx_word' id='word_1_210' title='bbox 177 2736 192 2784; x_wconf 81' lang='lat'><strong>2</strong></span> <span class='ocrx_word' id='word_1_211' title='bbox 218 2731 235 2784; x_wconf 86' lang='lat'><strong><em>1.</em></strong></span> <span class='ocrx_word' id='word_1_212' title='bbox 254 2731 296 2785; x_wconf 76' lang='lat' dir='ltr'><strong><em>Re</em></strong></span> <span class='ocrx_word' id='word_1_213' title='bbox 316 2748 343 2801; x_wconf 86' lang='lat' dir='ltr'><strong><em>g.</em></strong></span> <span class='ocrx_word' id='word_1_214' title='bbox 367 2736 507 2799; x_wconf 80' lang='grc'><strong><em>31,1;3.</em></strong></span> <span class='ocrx_word' id='word_1_215' title='bbox 536 2763 570 2771; x_wconf 96' lang='grc'>-</span> <span class='ocrx_word' id='word_1_216' title='bbox 599 2735 845 2800; x_wconf 79' lang='lat' dir='ltr'>15-p.172,11</span> <span class='ocrx_word' id='word_1_217' title='bbox 870 2729 956 2786; x_wconf 75' lang='lat' dir='ltr'><strong>Basil.</strong></span> <span class='ocrx_word' id='word_1_218' title='bbox 981 2731 1060 2787; x_wconf 85' lang='lat' dir='ltr'><strong>Hom.</strong></span> <span class='ocrx_word' id='word_1_219' title='bbox 1085 2731 1116 2785; x_wconf 84' lang='lat' dir='ltr'><strong><em>in</em></strong></span> 
     </span>
     <span class='ocr_line' id='line_1_26' title="bbox 104 2799 628 2869; baseline 0 -14"><span class='ocrx_word' id='word_1_220' title='bbox 104 2801 207 2857; x_wconf 78' lang='lat' dir='ltr'><strong>Psalm.</strong></span> <span class='ocrx_word' id='word_1_221' title='bbox 222 2807 256 2854; x_wconf 80' lang='grc'><strong><em>33</em></strong></span> <span class='ocrx_word' id='word_1_222' title='bbox 355 2801 465 2857; x_wconf 80' lang='grc' dir='ltr'><strong><em>εΤοιιι.</em></strong></span> <span class='ocrx_word' id='word_1_223' title='bbox 480 2807 523 2869; x_wconf 78' lang='lat'><strong><em>29,</em></strong></span> <span class='ocrx_word' id='word_1_224' title='bbox 538 2799 628 2856; x_wconf 73' lang='lat'>³490.</span> 
     </span>
    </p>
   </div>
   <div class='ocr_carea' id='block_1_4' title="bbox 103 2958 1116 3176">
    <p class='ocr_par' dir='ltr' id='par_1_5' title="bbox 103 2958 1116 3176">
     <span class='ocr_line' id='line_1_27' title="bbox 176 2958 1114 3032; baseline 0 -18"><span class='ocrx_word' id='word_1_225' title='bbox 176 2967 192 3014; x_wconf 75' lang='lat'><strong>2</strong></span> <span class='ocrx_word' id='word_1_226' title='bbox 212 2961 230 3030; x_wconf 77' lang='grc' dir='ltr'>ἡ</span> <span class='ocrx_word' id='word_1_227' title='bbox 248 2959 343 3031; x_wconf 80' lang='grc' dir='ltr'><strong><em>γραφὴ</em></strong></span> <span class='ocrx_word' id='word_1_228' title='bbox 361 2959 479 3032; x_wconf 88' lang='grc' dir='ltr'><strong><em>λέγουσα</em></strong></span> <span class='ocrx_word' id='word_1_229' title='bbox 496 2958 580 3015; x_wconf 77' lang='lat' dir='ltr'><strong>AGV.</strong></span> <span class='ocrx_word' id='word_1_230' title='bbox 600 2993 634 3002; x_wconf 98' lang='lat'>-</span> <span class='ocrx_word' id='word_1_231' title='bbox 653 2967 669 3015; x_wconf 84' lang='grc'><strong><em>3</em></strong></span> <span class='ocrx_word' id='word_1_232' title='bbox 691 2963 740 3016; x_wconf 88' lang='grc' dir='ltr'><strong><em>καλ</em></strong></span> <span class='ocrx_word' id='word_1_233' title='bbox 758 2961 802 3031; x_wconf 78' lang='grc' dir='ltr'><strong><em>έφ.</em></strong></span> <span class='ocrx_word' id='word_1_234' title='bbox 823 2961 925 3030; x_wconf 81' lang='grc' dir='ltr'><strong><em>ἀνδρες</em></strong></span> <span class='ocrx_word' id='word_1_235' title='bbox 943 2961 1041 3030; x_wconf 79' lang='grc' dir='ltr'><strong><em>λσραηλ</em></strong></span> <span class='ocrx_word' id='word_1_236' title='bbox 1063 2977 1114 3016; x_wconf 86' lang='lat' dir='ltr'><strong><em>om.</em></strong></span> 
     </span>
     <span class='ocr_line' id='line_1_28' title="bbox 103 3031 1115 3104; baseline -0.002 -18"><span class='ocrx_word' id='word_1_237' title='bbox 103 3032 191 3086; x_wconf 77' lang='lat' dir='ltr'>ABG.</span> <span class='ocrx_word' id='word_1_238' title='bbox 211 3063 244 3072; x_wconf 92' lang='lat'>—</span> <span class='ocrx_word' id='word_1_239' title='bbox 263 3039 279 3086; x_wconf 83' lang='grc' dir='ltr'><strong><em>Ἰ</em></strong></span> <span class='ocrx_word' id='word_1_240' title='bbox 298 3035 347 3087; x_wconf 85' lang='grc' dir='ltr'><strong><em>καλ</em></strong></span> <span class='ocrx_word' id='word_1_241' title='bbox 363 3049 414 3088; x_wconf 85' lang='lat' dir='ltr'><strong><em>om.</em></strong></span> <span class='ocrx_word' id='word_1_242' title='bbox 433 3032 467 3086; x_wconf 87' lang='lat' dir='ltr'><strong><em>N.</em></strong></span> <span class='ocrx_word' id='word_1_243' title='bbox 493 3063 526 3072; x_wconf 92' lang='lat'>—</span> <span class='ocrx_word' id='word_1_244' title='bbox 551 3038 583 3086; x_wconf 76' lang='lat'><strong><em>12</em></strong></span> <span class='ocrx_word' id='word_1_245' title='bbox 601 3033 651 3088; x_wconf 83' lang='grc' dir='ltr'><strong><em>τὸν</em></strong></span> <span class='ocrx_word' id='word_1_246' title='bbox 670 3034 773 3104; x_wconf 81' lang='grc' dir='ltr'><strong><em>ἀγγολις</em></strong></span> <span class='ocrx_word' id='word_1_247' title='bbox 791 3031 806 3088; x_wconf 88' lang='grc' dir='ltr'><strong><em>δ</em></strong></span> <span class='ocrx_word' id='word_1_248' title='bbox 826 3036 882 3089; x_wconf 84' lang='grc' dir='ltr'><strong><em>δᾶδ</em></strong></span> <span class='ocrx_word' id='word_1_249' title='bbox 899 3032 934 3086; x_wconf 82' lang='grc' dir='ltr'><strong><em>Ν.</em></strong></span> <span class='ocrx_word' id='word_1_250' title='bbox 953 3063 989 3072; x_wconf 97' lang='grc'>-</span> <span class='ocrx_word' id='word_1_251' title='bbox 1012 3032 1115 3102; x_wconf 79' lang='grc' dir='ltr'><strong><em>ἀγγοῦς</em></strong></span> 
     </span>
     <span class='ocr_line' id='line_1_29' title="bbox 104 3101 1116 3176; baseline -0.002 -18"><span class='ocrx_word' id='word_1_252' title='bbox 104 3101 161 3158; x_wconf 81' lang='lat' dir='ltr'><strong><em>BC.</em></strong></span> <span class='ocrx_word' id='word_1_253' title='bbox 177 3135 212 3144; x_wconf 92' lang='lat'><em>-</em></span> <span class='ocrx_word' id='word_1_254' title='bbox 231 3109 264 3158; x_wconf 87' lang='lat'><strong><em>18</em></strong></span> <span class='ocrx_word' id='word_1_255' title='bbox 282 3105 331 3158; x_wconf 89' lang='grc' dir='ltr'><strong><em>καλ</em></strong></span> <span class='ocrx_word' id='word_1_256' title='bbox 344 3101 480 3158; x_wconf 78' lang='grc' dir='ltr'><strong><em>ἀπέλυσεν</em></strong></span> <span class='ocrx_word' id='word_1_257' title='bbox 493 3102 581 3158; x_wconf 75' lang='grc' dir='ltr'><strong><em>αὐτόν</em></strong></span> <span class='ocrx_word' id='word_1_258' title='bbox 595 3121 645 3160; x_wconf 83' lang='lat' dir='ltr'><strong><em>om.</em></strong></span> <span class='ocrx_word' id='word_1_259' title='bbox 661 3103 695 3158; x_wconf 87' lang='lat' dir='ltr'><strong><em>N.</em></strong></span> <span class='ocrx_word' id='word_1_260' title='bbox 710 3136 745 3145; x_wconf 97' lang='lat'><em>-</em></span> <span class='ocrx_word' id='word_1_261' title='bbox 758 3105 863 3176; x_wconf 81' lang='grc' dir='ltr'><strong><em>ἀγγοῡς</em></strong></span> <span class='ocrx_word' id='word_1_262' title='bbox 876 3103 962 3158; x_wconf 91' lang='lat' dir='ltr'><strong>BDV.</strong></span> <span class='ocrx_word' id='word_1_263' title='bbox 978 3134 1010 3142; x_wconf 97' lang='lat'>-</span> <span class='ocrx_word' id='word_1_264' title='bbox 1031 3107 1064 3156; x_wconf 87' lang='grc'><strong><em>19</em></strong></span> <span class='ocrx_word' id='word_1_265' title='bbox 1079 3102 1116 3165; x_wconf 81' lang='grc' dir='ltr'><strong><em>ὡς</em></strong></span> 
     </span>
    </p>
   </div>
   <div class='ocr_carea' id='block_1_5' title="bbox 103 3173 589 3238">
    <p class='ocr_par' dir='ltr' id='par_1_6' title="bbox 103 3173 589 3238">
     <span class='ocr_line' id='line_1_30' title="bbox 103 3173 589 3238; baseline -0.002 -9"><span class='ocrx_word' id='word_1_266' title='bbox 103 3192 155 3230; x_wconf 84' lang='lat' dir='ltr'><strong><em>om.</em></strong></span> <span class='ocrx_word' id='word_1_267' title='bbox 170 3174 225 3229; x_wconf 76' lang='lat' dir='ltr'><strong><em>FV.</em></strong></span> <span class='ocrx_word' id='word_1_268' title='bbox 247 3207 280 3215; x_wconf 97' lang='lat'><em>-</em></span> <span class='ocrx_word' id='word_1_269' title='bbox 299 3181 333 3229; x_wconf 82' lang='lat'><strong><em>23</em></strong></span> <span class='ocrx_word' id='word_1_270' title='bbox 352 3184 452 3238; x_wconf 84' lang='grc' dir='ltr'><strong><em>κοινῶς</em></strong></span> <span class='ocrx_word' id='word_1_271' title='bbox 469 3191 519 3230; x_wconf 85' lang='lat' dir='ltr'><strong><em>om.</em></strong></span> <span class='ocrx_word' id='word_1_272' title='bbox 535 3173 589 3229; x_wconf 75' lang='lat' dir='ltr'><strong><em>OF.</em></strong></span> 
     </span>
    </p>
   </div>
   <div class='ocr_carea' id='block_1_6' title="bbox 104 3330 1116 3511">
    <p class='ocr_par' dir='ltr' id='par_1_7' title="bbox 104 3330 1116 3511">
     <span class='ocr_line' id='line_1_31' title="bbox 177 3330 1116 3405; baseline -0.003 -18"><span class='ocrx_word' id='word_1_273' title='bbox 177 3339 193 3387; x_wconf 75' lang='grc' dir='ltr'>ἵ</span> <span class='ocrx_word' id='word_1_274' title='bbox 212 3335 247 3388; x_wconf 82' lang='grc' dir='ltr'><strong><em>ού</em></strong></span> <span class='ocrx_word' id='word_1_275' title='bbox 265 3333 334 3405; x_wconf 81' lang='grc' dir='ltr'><strong><em>μέγα</em></strong></span> <span class='ocrx_word' id='word_1_276' title='bbox 353 3334 500 3389; x_wconf 77' lang='grc' dir='ltr'><strong><em>καὶτοῦτο</em></strong></span> <span class='ocrx_word' id='word_1_277' title='bbox 518 3334 548 3388; x_wconf 94' lang='grc' dir='ltr'><strong><em>Ρ.</em></strong></span> <span class='ocrx_word' id='word_1_278' title='bbox 569 3366 602 3376; x_wconf 93' lang='grc'><strong>-</strong></span> <span class='ocrx_word' id='word_1_279' title='bbox 621 3340 638 3389; x_wconf 89' lang='grc'>8</span> <span class='ocrx_word' id='word_1_280' title='bbox 656 3342 707 3388; x_wconf 82' lang='grc' dir='ltr'><strong><em>τοῦ</em></strong></span> <span class='ocrx_word' id='word_1_281' title='bbox 725 3350 775 3390; x_wconf 82' lang='lat' dir='ltr'><strong><em>om.</em></strong></span> <span class='ocrx_word' id='word_1_282' title='bbox 789 3333 819 3388; x_wconf 90' lang='lat' dir='ltr'><strong><em>P.</em></strong></span> <span class='ocrx_word' id='word_1_283' title='bbox 841 3364 874 3373; x_wconf 91' lang='lat'><em>-</em></span> <span class='ocrx_word' id='word_1_284' title='bbox 896 3338 926 3387; x_wconf 92' lang='lat'><strong><em>11</em></strong></span> <span class='ocrx_word' id='word_1_285' title='bbox 946 3333 1014 3388; x_wconf 73' lang='lat' dir='ltr'><strong><em>Post</em></strong></span> <span class='ocrx_word' id='word_1_286' title='bbox 1031 3347 1075 3386; x_wconf 91' lang='grc' dir='ltr'><strong><em>σοι</em></strong></span> <span class='ocrx_word' id='word_1_287' title='bbox 1094 3330 1116 3384; x_wconf 90' lang='grc' dir='ltr'>Ρ</span> 
     </span>
     <span class='ocr_line' id='line_1_32' title="bbox 104 3423 1116 3511; baseline -0.004 -15"><span class='ocrx_word' id='word_1_288' title='bbox 104 3441 186 3496; x_wconf 66' lang='lat' dir='ltr'><strong><em>add:</em></strong></span> <span class='ocrx_word' id='word_1_289' title='bbox 208 3440 277 3510; x_wconf 85' lang='grc' dir='ltr'><strong><em>φητλ</em></strong></span> <span class='ocrx_word' id='word_1_290' title='bbox 295 3440 327 3496; x_wconf 76' lang='grc' dir='ltr'><strong><em>δέ</em></strong></span> <span class='ocrx_word' id='word_1_291' title='bbox 345 3442 393 3495; x_wconf 85' lang='grc' dir='ltr'><strong><em>καλ</em></strong></span> <span class='ocrx_word' id='word_1_292' title='bbox 411 3441 594 3510; x_wconf 78' lang='grc' dir='ltr'><strong><em>θεοδάρητως</em></strong></span> <span class='ocrx_word' id='word_1_293' title='bbox 611 3449 685 3504; x_wconf 83' lang='grc' dir='ltr'><strong><em>’τινες</em></strong></span> <span class='ocrx_word' id='word_1_294' title='bbox 707 3440 757 3510; x_wconf 77' lang='grc' dir='ltr'><strong><em>μὲν</em></strong></span> <span class='ocrx_word' id='word_1_295' title='bbox 776 3439 886 3508; x_wconf 76' lang='grc' dir='ltr'><strong><em>ἔφασαν</em></strong></span> <span class='ocrx_word' id='word_1_296' title='bbox 904 3423 922 3494; x_wconf 69' lang='grc' dir='ltr'><strong><em>ἀ</em></strong></span> <span class='ocrx_word' id='word_1_297' title='bbox 945 3439 1116 3511; x_wconf 75' lang='grc' dir='ltr'><strong><em>(έντεῦδενλ)</em></strong></span> 
     </span>
    </p>
   </div>
   <div class='ocr_carea' id='block_1_7' title="bbox 104 3514 1117 3691">
    <p class='ocr_par' dir='ltr' id='par_1_8' title="bbox 104 3514 1117 3691">
     <span class='ocr_line' id='line_1_33' title="bbox 105 3514 1117 3619; baseline -0.006 -15"><span class='ocrx_word' id='word_1_298' title='bbox 105 3549 145 3611; x_wconf 82' lang='grc' dir='ltr'><strong><em>είς</em></strong></span> <span class='ocrx_word' id='word_1_299' title='bbox 158 3548 189 3603; x_wconf 90' lang='grc' dir='ltr'><strong><em>τδ</em></strong></span> <span class='ocrx_word' id='word_1_300' title='bbox 204 3555 311 3617; x_wconf 81' lang='grc' dir='ltr'><strong><em>μαῦρον</em></strong></span> <span class='ocrx_word' id='word_1_301' title='bbox 325 3544 439 3619; x_wconf 86' lang='grc' dir='ltr'><strong><em>βιβλίον,</em></strong></span> <span class='ocrx_word' id='word_1_302' title='bbox 469 3549 544 3602; x_wconf 79' lang='lat' dir='ltr'><strong><em>etin</em></strong></span> <span class='ocrx_word' id='word_1_303' title='bbox 561 3565 612 3619; x_wconf 76' lang='lat' dir='ltr'><strong><em>my.</em></strong></span> <span class='ocrx_word' id='word_1_304' title='bbox 629 3514 666 3615; x_wconf 65' lang='grc' dir='ltr'><strong><em>δέ.</em></strong></span> <span class='ocrx_word' id='word_1_305' title='bbox 691 3579 725 3587; x_wconf 94' lang='grc'><strong>-</strong></span> <span class='ocrx_word' id='word_1_306' title='bbox 750 3551 783 3599; x_wconf 87' lang='grc'><strong><em>19</em></strong></span> <span class='ocrx_word' id='word_1_307' title='bbox 801 3553 928 3602; x_wconf 83' lang='grc' dir='ltr'><strong><em>τοιοῦτον</em></strong></span> <span class='ocrx_word' id='word_1_308' title='bbox 946 3545 1030 3616; x_wconf 88' lang='grc' dir='ltr'><strong><em>λόγον</em></strong></span> <span class='ocrx_word' id='word_1_309' title='bbox 1052 3543 1117 3599; x_wconf 81' lang='grc' dir='ltr'><strong><em>τινὰ</em></strong></span> 
     </span>
     <span class='ocr_line' id='line_1_34' title="bbox 104 3616 738 3691; baseline -0.002 -19"><span class='ocrx_word' id='word_1_310' title='bbox 104 3619 199 3673; x_wconf 71' lang='grc' dir='ltr'><strong><em>ΡΒεσ.</em></strong></span> <span class='ocrx_word' id='word_1_311' title='bbox 220 3651 254 3659; x_wconf 96' lang='grc'>-</span> <span class='ocrx_word' id='word_1_312' title='bbox 273 3624 308 3673; x_wconf 77' lang='grc'><strong><em>20</em></strong></span> <span class='ocrx_word' id='word_1_313' title='bbox 326 3618 357 3673; x_wconf 89' lang='grc' dir='ltr'><strong><em>έκ</em></strong></span> <span class='ocrx_word' id='word_1_314' title='bbox 375 3616 511 3687; x_wconf 86' lang='grc' dir='ltr'><strong><em>παραδύσ.</em></strong></span> <span class='ocrx_word' id='word_1_315' title='bbox 527 3617 625 3691; x_wconf 69' lang='grc' dir='ltr'><strong><em>ἔχομεν</em></strong></span> <span class='ocrx_word' id='word_1_316' title='bbox 643 3618 738 3672; x_wconf 73' lang='lat' dir='ltr'><strong>PBas.</strong></span> 
     </span>
    </p>
   </div>
   <div class='ocr_carea' id='block_1_8' title="bbox 0 0 1314 3909">
    <p class='ocr_par' dir='ltr' id='par_1_9' title="bbox 0 0 1314 3909">
     <span class='ocr_line' id='line_1_35' title="bbox 0 0 1314 3909; baseline 0 0"><span class='ocrx_word' id='word_1_317' title='bbox 0 0 1314 3909; x_wconf 95' lang='lat' dir='ltr'><strong><em> </em></strong></span> 
     </span>
    </p>
   </div>
  </div>
 </body>
</html>
