2617 3909
185 223 250 286 378
495 224 682 275 ΓΕΩΡΓΙΟΤ
700 225 882 276 MONAXOT

248 364 281 432 ‘0
309 369 341 432 δέ
367 395 399 453 γε
427 369 516 453 μέγας
535 365 676 452 Ἰάκωβος
699 370 714 433 δ
738 369 923 451 άδελφόθεος
946 371 1037 455 ἁγνὸς
1060 373 1209 454 ὑπάρχων

184 470 217 532 έκ
244 472 357 543 κοιλίας
384 470 494 551 μητρός
521 469 614 532 αὐτοῦ
640 464 725 531 οίνον
748 469 798 530 καὶ
820 471 921 552 σίκερα
944 471 1001 532 οὐκ
1024 471 1109 532 ἔπιεν
1133 469 1207 534 οὐδὲ

185 568 321 649 ἔμψυχον
351 568 462 650 ἔφαγεν
493 566 564 630 ούδέ
595 568 740 652 βαλανείῳ
773 567 927 649 ἐχρήσατο,
959 568 995 629 τὰ
1027 567 1060 630 δέ
1093 569 1208 650 γόνατα

185 666 278 728 αὐτοῦ
309 665 511 744 άπεσκληκότα
543 666 632 745 δίκην
663 666 798 746 καμήλου
829 665 985 748 γεγόνασιν
1014 665 1047 727 έκ
1074 676 1131 729 τοῦ
1160 665 1207 728 ἀεὶ

59 786 99 826 κιο
112 785 145 826 τι·
158 785 170 825 σ
184 765 327 844 κάμπτειν
354 762 402 825 έπλ
428 764 503 844 γόνυ
529 762 579 824 καλ
605 769 645 847 τῷ
669 769 731 848 θεῷ
755 771 948 846 προσκυνεῖν,
976 764 1051 826 ὅθεν
1074 765 1127 826 διὰ
1150 765 1207 844 τὴν

184 861 353 943 ὑπερβολὴν
375 870 428 941 τῆς
451 861 643 940 δικαιοσύνης
666 861 758 923 αὐτοῦ
781 861 831 923 καλ
853 869 1031 942 θαυμαστῆς
1053 865 1206 936 πολιτείας

184 961 313 1023 έκαλεῖτο
341 960 456 1032 δίκαιος
483 959 533 1020 καί
560 957 677 1038 όβλίας,
707 959 724 1020 ὅ
750 960 811 1022 έστι
833 960 954 1042 περιοχὴ
976 970 1031 1022 τοῦ
1054 965 1131 1023 λαοῦ
1156 961 1206 1022 καλ

185 1057 368 1137 δικαιοσύνη.
414 1056 477 1119 έπεί
500 1049 556 1119 οὖν
578 1055 729 1136 αἰδέσιμος
757 1057 808 1119 καὶ
829 1060 987 1139 σεβάσμιος
1009 1059 1060 1120 καὶ
1083 1059 1205 1141 σφόδρα

185 1157 359 1238 περιβόητος
381 1155 512 1236 ὑπῆρχεν
536 1154 552 1217 δ
575 1155 726 1236 ίσάγγελος
741 1149 889 1236 Ἰάκωβος,
912 1157 1015 1239 ἑορτῆς
1037 1156 1205 1238 γενομένης

144 1275 171 1314 ιο
184 1264 238 1316 τοῦ
260 1254 371 1334 πάσχα,
402 1252 452 1314 καλ
478 1257 596 1315 πολλῶν
619 1253 772 1332 μυριάδων
789 1255 1004 1316 ’συνελθόντων
1026 1254 1060 1316 έν
1083 1261 1125 1339 τῷ
1144 1263 1207 1339 ναῷ

184 1361 243 1413 τῶν
267 1345 435 1431 Ἰουδαίων,
463 1350 513 1412 καλ
540 1360 646 1412 τοῦτον
669 1348 877 1432 άνενέγκαντες
899 1352 931 1412 οἷ
950 1359 1133 1432 γραμματεῖς
1155 1352 1204 1414 έπλ

183 1448 216 1510 τὸ
239 1449 395 1529 πτερύγιον
419 1457 471 1509 τοῦ
494 1448 575 1529 ίεροῦ
598 1448 789 1510 διασκεδάσαι
811 1450 988 1528 βουλόμενοι
1010 1450 1043 1512 τὸ
1062 1451 1204 1532 κήρυγμα

184 1556 237 1608 τοῦ
258 1550 391 1628 Χριστοῦ
418 1541 502 1607 είπον
531 1545 641 1630 μεγάλη
668 1555 704 1631 τῇ
733 1555 833 1630 φωνῇ·
862 1545 1002 1625 ἀξιοῦμέν
1024 1564 1073 1627 σε,
1097 1550 1202 1629 δίκαιε,

183 1645 277 1705 είπεῖν
308 1650 347 1726 τῷ
376 1649 446 1727 λαῷ,
479 1644 529 1704 λ’να
561 1644 601 1723 μη
633 1648 803 1705 πλανῶνται
834 1641 928 1705 ὀπίσω
960 1654 1013 1705 τοῦ
1040 1643 1202 1726 λεγομένου
1280 1717 1281 1732 χ

139 1762 169 1803 τε
186 1745 324 1822 Χριστοῦ.
362 1739 409 1802 σολ
430 1740 486 1822 γὰρ
506 1742 613 1814 πάντες
630 1741 802 1820 πενθόμεθα
819 1740 1013 1823 γινάσκοντές
1031 1745 1201 1805 σε-δίκαιον
1280 1783 1281 1788 1

183 1835 260 1901 εἶναι
290 1837 340 1899 καλ
369 1837 651 1920 ἀπροσωπόληπτον.
698 1837 714 1901 δ
742 1837 775 1900 δέ
802 1838 976 1920 ἀποκριθεὶς
1003 1840 1076 1920 ἔφη·
1110 1843 1141 1902 τί
1167 1865 1201 1921 με

183 1938 342 2019 έπερωτῦτε
364 1936 431 2017 περὶ
453 1947 506 1998 τοῦ
528 1941 675 2017 Χριστοῦ,
703 1935 753 1998 καί
775 1937 864 2011 αὐτὸς
886 1935 1038 2011 καθέζεται
1062 1938 1095 2000 έν
1120 1941 1201 2024 δεξιᾷ

183 2045 236 2098 τοῦ
254 2042 330 2096 θεοῦ
348 2035 382 2097 έν
399 2041 440 2118 τῷ
459 2035 582 2119 ούρανῶ
619 2035 651 2095 οί
668 2032 700 2095 δὲ
719 2035 888 2116 παράνομοι
905 2034 1045 2117 ἀρχιερεῖς
1064 2037 1116 2098 καί
1138 2041 1201 2098 Φα-

183 2140 293 2216 ρισαῖοι
315 2133 452 2214 ἔκραξαν·
477 2130 500 2193 ὢ
523 2132 557 2212 όό,
580 2131 630 2193 καλ
653 2129 669 2193 ὅ
693 2133 807 2205 δίκαιος
829 2132 994 2212 ἐπλανήθη.
1034 2134 1085 2195 καί
1113 2129 1200 2196 είπαν

140 2253 169 2293 νο
183 2231 257 2312 πρὸς
278 2230 434 2310 ἀλλήλους·
457 2240 556 2303 κακῶς
577 2229 758 2309 ἐποιήσαμεν
780 2230 921 2309 τοιαύτην
940 2233 1105 2312 μαρτυρίαν
1124 2227 1197 2293 καθ’

183 2329 296 2391 ἑαυτῶν
318 2328 392 2411 ὑπὲρ
415 2337 468 2390 τοῦ
488 2323 587 2408 Ἰησοῦ
610 2328 808 2409 παρασχόντες
829 2327 880 2389 καλ
902 2329 1030 2403 πολλοὺς
1052 2331 1200 2410 ποιήσαν-

183 2450 229 2501 τες
251 2437 405 2490 πιστεῦσαι
427 2428 470 2500 είς
492 2426 592 2489 αὐτόν.
637 2425 688 2487 καλ
712 2426 749 2506 δὴ
774 2424 912 2506 μανέντες
931 2427 963 2486 οί
982 2425 1129 2508 έξάγιστοι
1151 2427 1200 2488 καλ

183 2534 288 2587 τοῦτον
319 2526 621 2606 κατακρημνίσαντες,
652 2525 755 2596 κλίνας
786 2523 822 2585 τδι
852 2525 962 2605 γόνατα
994 2523 1069 2605 ὑπὲρ
1099 2526 1201 2588 αὐτῶν

184 2623 374 2703 προσηύχετο.
406 2621 456 2682 καί
474 2623 667 2703 προσεγγίσας
685 2644 728 2695 τις
746 2631 805 2683 τῶν
823 2623 899 2682 υίῶν
915 2615 1020 2702 Ῥηχὰβ
1037 2622 1089 2684 καλ
1107 2622 1200 2686 ἀκού-

256 2808 342 2871 l—p.
358 2806 419 2867 379,
431 2805 464 2854 10
480 2803 514 2869 cf.
529 2801 595 2856 Eua.
609 2801 682 2856 ffist.
698 2802 764 2857 eccl.
779 2802 813 2870 Π,
828 2809 871 2870 23,
885 2809 964 2872 4sqq.
979 2819 1012 2858 απ
1025 2803 1199 2874 Hegesippo.
1276 2781 1277 2794 ί

255 2958 269 3005 1
284 2968 315 3022 γε
325 2968 374 3007 om.
385 2951 443 3004 AR.
454 2983 489 2991 —
503 2951 583 3022 ἅγιος
596 2951 693 3040 ΙγΕιιε.
704 2984 737 2993 -
754 2959 768 3006 7
784 2949 1041 3025 ὁβλίαςΑΕΙιΜΡἸ
1054 2952 1198 3026 ὠβλίαςΕ.

183 3028 270 3147 ῖλ.
281 3022 1201 3161 θεοῦ·.-.ἓ.ῑ.’;“ῶόῦέ“ἓ.ῑῶἕάιὲξσόλὲ.

183 3160 271 3229 οὕτως
288 3165 318 3219 F.
337 3197 373 3206 —
392 3170 426 3219 24
445 3162 568 3236 όιχαῦἸἹ
592 3163 719 3237 όνχδιμθτ
743 3164 826 3239 όιχδιβ
842 3166 903 3222 rell.

255 3323 269 3368 1
289 3315 374 3385 μέγας
391 3323 417 3371 et
435 3315 450 3369 δ
468 3315 646 3384 άδελφόθεος
664 3335 714 3372 om.
734 3318 763 3372 P.
785 3350 821 3358 -
843 3325 859 3371 2
879 3314 958 3373 οίνον
976 3319 1026 3388 μέν
1045 3318 1143 3372 καλ·Ῥ.
1163 3352 1200 3360 -

183 3390 200 3437 8
220 3386 287 3441 Post
304 3387 469 3455 δικαιοσύνη
488 3388 547 3440 alia
561 3387 642 3441 addit
659 3389 688 3442 P.
709 3420 742 3428 -
763 3395 796 3442 13
814 3397 864 3443 τοῦ
883 3406 933 3444 ουν.
948 3390 977 3444 P.
998 3421 1031 3430 -—
1050 3395 1084 3444 21
1103 3409 1199 3459 παρα-

184 3452 297 3524 σχόντες
318 3457 366 3510 καλ
388 3457 484 3510 πολλοὶ
508 3457 538 3510 έκ
561 3465 611 3510 τοῦ
633 3457 703 3512 λαοῦ
727 3459 898 3525 ἀκούσαντες
921 3458 1085 3515 ἐπίστευσαν
1106 3461 1137 3516 Ρ.
1163 3493 1197 3502 -

184 3526 285 3650 θξαχχχλ
303 3527 383 3595 δὴ-
390 3542 419 3595 p.
434 3532 495 3593 296,
511 3531 545 3579 14
563 3526 633 3582 Mur.
652 3524 702 3584 τὸν
721 3529 808 3593 ὅντως
830 3548 880 3586 om.
899 3531 921 3584 P
938 3547 996 3588 ’κωκυ
1017 3535 1199 3602 quaternione

184 3611 203 3647 a
281 3637 286 3648 .
