2617 3909
169 241 235 308 324
484 240 670 292 νεανικοῦ
688 237 871 290 ποσιτιον

169 415 235 471 την,
257 387 331 472 ὑπὲρ
354 381 397 450 ἀν
419 382 472 450 ὑπ’
498 387 591 450 αὑτοῦ
613 385 753 466 βασάνων
776 383 966 466 προέπασχεν.
1008 381 1046 444 ού
1069 381 1131 461 μὴν
1155 379 1190 443 δέ

169 487 243 550 ἀλλά
269 486 319 549 καλ
345 487 388 560 είς
414 487 524 565 μανίαν
552 483 703 567 ἐκτραπελς
729 481 863 562 άθεσμον
890 479 994 554 στολάς
1015 480 1191 562 γυναικείας

169 583 354 667 ἠμφιέννυτο
377 582 427 646 καί
449 581 506 662 τήν
527 582 625 662 κόμην
647 582 810 660 πλοκάμοις
831 577 882 642 καί
904 583 999 664 πλοκῇ
1022 601 1081 639 τινι
1104 598 1190 659 περι-

170 683 295 745 στέλλων
322 680 372 744 καλ
400 680 642 762 γυναικιζόμευος
673 678 723 742 καί
753 689 852 740 πᾶσαν
884 677 1095 759 αἰσχρουργίαν
1123 677 1191 738 δια·

145 780 368 864 σπραττύμενος
401 778 514 852 τελετὰς
549 776 663 840 ἐπενόει
696 776 746 838 καί
778 775 846 850 ξένα
877 775 1023 856 μυστήρια
1054 772 1189 835 ἐπετέλει.

170 877 220 940 καί
252 877 291 956 δή
323 877 422 958 λαβών
453 899 523 938 ποτε
554 875 611 954 τήν
641 875 754 937 οἰκείαν
785 871 936 955 θυγατέρα
966 869 1017 932 καί
1046 871 1089 945 είς
1103 871 1190 946 ’τοῦς

170 975 300 1049 κόλπους
321 984 374 1037 τοῦ
397 974 563 1056 ἀγάλματος
584 973 679 1052 αὐτὴν
701 970 828 1051 θέμενος
851 971 945 1044 οὑτως
962 969 1035 1049 ἐφη·
1059 969 1097 1030 σά
1117 970 1189 1030 ταύ-

171 1096 226 1152 την
248 1071 426 1155 γεγέννηκας
447 1072 498 1134 καί
519 1071 616 1151 πατὴρ
639 1070 731 1150 αύτής
753 1069 879 1148 ἐννομος
900 1067 1048 1149 ὑπάρχεις.
1094 1077 1189 1128 ταῦτα

171 1173 275 1234 τοίνυν
306 1172 400 1245 οὑτως
436 1171 468 1232 οί
501 1179 674 1251 στρατιῶται
706 1174 891 1250 θεωροῦντες
923 1165 1013 1228 αάτδν
1040 1174 1189 1228 ποιοῦντα

134 1291 161 1332 ιο
173 1267 223 1330 καί
254 1269 295 1349 μή
327 1266 527 1349 ὑποφέροντες
559 1267 766 1348 διεχειρίσαντο
793 1263 886 1326 αὑτὸν
911 1263 944 1326 έν
970 1264 1010 1347 τῷ
1040 1265 1190 1349 βαλανείῳ

173 1365 345 1446 λουόμενον.

237 1459 309 1542 Ἐφ’
342 1456 379 1524 οὑ
414 1461 529 1536 Θευδάς
561 1460 577 1524 δ
609 1460 642 1523 έν
673 1466 736 1534 ταῖς
769 1460 891 1542 πράξεσι
926 1468 985 1520 τῶν
1016 1457 1190 1522 ἀποστόλων

173 1560 432 1641 μνημονευόμενος
459 1560 570 1633 πλάνος
596 1558 757 1632 ἀναπείσας
779 1557 907 1631 πολλοὺς
932 1555 1122 1638 ἐπηγγείλατο
1145 1579 1189 1618 τε·

174 1665 240 1739 μεῖν
262 1657 313 1720 τὸν
333 1651 488 1737 Ἰορδάνην
511 1655 561 1718 καί
583 1658 687 1718 δίοδον
705 1664 829 1734 ποιῆσαι
846 1661 885 1738 τῷ
905 1659 973 1739 λαῷ,
996 1653 1046 1714 καί
1064 1655 1190 1737 διαμαρ

134 1777 161 1818 ιε
174 1755 265 1835 τήσας
292 1752 429 1838 ἀνηρέθη
456 1753 506 1814 καλ
533 1755 566 1816 οί
590 1748 651 1834 μετ’
677 1753 769 1816 αὑτοῦ
797 1754 911 1827 πάντες.
955 1752 1005 1814 καί
1033 1752 1049 1816 δ
1077 1753 1191 1835 πύργος

174 1853 257 1915 ἔπεσε
284 1861 337 1914 τοῦ
366 1850 493 1930 Σιλωὰμ
519 1850 567 1912 ἐπί
595 1851 665 1925 τοὺς
692 1849 737 1931 ιη’
764 1849 890 1934 ἀνδρας,
918 1850 968 1914 καί
989 1849 1149 1928 Στέφανος
1175 1849 1191 1912 δ

77 1975 117 2015 εεο
133 1973 164 2013 Μ.
179 1950 390 2031 πρωτομάρτυς
402 1949 612 2032 ἐμαρτύρησεν,
629 1949 679 2010 καί
693 1954 815 2022 Παῦλος
828 1948 1004 2028 ἐπίστευσεν,
1022 1947 1072 2009 καί
1089 1949 1191 2010 Φίλων
1295 1993 1296 2030 3

176 2048 227 2111 καί
246 2043 388 2128 Ἰώσηπος
410 2048 443 2109 οἱ
461 2047 493 2122 ἐξ
509 2042 658 2129 Ἑβραίων
681 2047 772 2126 σοφοί
789 2047 983 2129 ἐγνωρίζονιο.
1029 2046 1109 2120 ὅστις
1129 2041 1191 2109 ’16-

177 2164 271 2226 σηπος
289 2146 462 2225 φιλαλήθης
480 2143 620 2227 ὑπάρχων
638 2145 783 2225 μέμνηται
798 2139 941 2224 Ἰωάννην
954 2143 1006 2206 τὸν
1020 2144 1191 2225 πρόδρομον
1295 2135 1296 2200 λ

136 2269 162 2308 ω
176 2244 226 2307 καὶ
254 2244 306 2306 τὸν
334 2242 471 2325 Χριστόν.
516 2242 566 2304 καὶ
592 2243 659 2324 περί
686 2241 740 2322 μὲν
760 2238 901 2304 Ἰωάννου
928 2239 1003 2322 λέγει
1029 2241 1110 2302 τάδε’
1134 2241 1193 2304 τισί
1295 2253 1296 2280 ¹

177 2341 210 2404 δέ
241 2352 301 2403 τῶν
325 2336 478 2403 Ἰουδαίων
505 2341 601 2404 ἐδόκει
630 2339 801 2402 διολωλέναι
827 2340 879 2402 τὸν
901 2333 1039 2420 Ἡρώδου
1067 2339 1192 2420 στρατδυ

176 2439 237 2501 ὑπὸ
259 2448 312 2501 τοῦ
330 2445 405 2500 θεοῦ
428 2438 478 2500 καί
501 2439 578 2517 μάλα
600 2439 722 2511 δικαίως
744 2435 921 2517 τινννμένου
942 2436 1030 2514 δίκην
1053 2435 1104 2496 διά
1124 2458 1193 2497 ποι·

177 2537 237 2615 νήυ
256 2530 399 2598 Ἰωάννου
421 2545 475 2597 τοῦ
492 2534 677 2614 καλουμένου
698 2537 867 2614 βαπτιστοῦ.
902 2542 1007 2594 τοῦτον
1025 2532 1081 2615 γὰρ
1097 2526 1192 2616 Ἡρύ·
1295 2553 1296 2586 ῑ

177 2635 234 2714 δης
265 2636 369 2694 κτείνει
400 2632 518 2714 ἀγαθὸν
550 2631 644 2713 ἀνδρα
680 2631 730 2693 καλ
760 2637 821 2704 τοῖς
849 2625 1004 2703 Ἰουδαίοις
1035 2631 1192 2692 κελεύοντα
1295 2623 1296 2688 ὖ

139 2754 165 2795 ιε
179 2729 286 2812 ἀρετήν
317 2731 477 2791 ἐπασκοῦσι
508 2729 558 2791 καλ
586 2729 622 2791 τά
652 2730 727 2812 πρὸς
758 2727 901 2807 ἀλλήλους
933 2727 1109 2812 δικαιοσύνη
1142 2728 1193 2789 καί

250 2906 319 2954 6-8
337 2901 372 2967 cf.
391 2899 503 2970 Joseph.
522 2902 587 2956 Ant.
602 2900 679 2967 XIX,
695 2906 736 2953 11.
756 2931 791 2940 -
814 2905 847 2953 12
864 2900 926 2954 Αοε.
943 2900 1040 2969 Αμοελ.
1057 2905 1087 2967 ὅ,
1102 2905 1136 2953 36
1155 2899 1190 2965 cf.
1295 2889 1296 2898 ’

178 2972 280 3026 Εαεολι.
294 2971 329 3025 Η.
343 2970 410 3024 eccl.
424 2970 458 3039 Π,
474 2978 514 3026 11.
529 3003 565 3012 -
583 2977 616 3026 15
630 2973 695 3024 Luc.
710 2977 752 3040 13,
766 2977 790 3024 4.
807 3001 840 3012 --
860 2975 964 3040 20-12.
981 2976 1041 3038 825,
1059 2976 1073 3024 1
1089 2970 1190 3024 Euseb.

178 3043 213 3098 H.
228 3041 295 3097 οοοΙ.
310 3043 336 3110 Ι,
351 3048 384 3095 11
403 3059 437 3097 ιω
452 3042 565 3112 Joseph.
579 3043 644 3096 Ant.
659 3041 761 3111 XVIII,
778 3047 828 3096 116
837 3059 893 3112 sqq.

251 3189 267 3238 9
286 3182 374 3246 οὕτως
391 3201 443 3240 om.
461 3185 572 3240 AMRV
581 3184 658 3238 Suid.
679 3216 712 3224 —
738 3191 769 3239 12
788 3185 898 3246 θευδᾶς
915 3182 981 3236 MR.
1002 3214 1035 3222 —
1056 3189 1090 3236 19
1109 3187 1192 3252 φιλω

180 3255 270 3326 ληθής
283 3258 348 3326 (εἰς
359 3256 395 3326 A)
408 3254 462 3310 Ac.
478 3288 513 3296 -
529 3261 563 3310 20
577 3255 701 3310 ίωάυνου
714 3263 764 3310 τοῦ
778 3252 940 3324 προδρόμου
954 3253 1002 3308 καί
1015 3261 1065 3308 τοῦ
1079 3262 1192 3324 χριστοῦ

181 3326 261 3381 FRV.
277 3359 310 3367 —
325 3333 360 3380 22
373 3327 429 3381 ὑπὸ
442 3331 514 3382 θεοῦ
527 3326 584 3379 DR
596 3343 647 3382 ουν.
658 3326 689 3380 Β.
703 3357 738 3367 -
752 3333 786 3382 25
800 3327 933 3390 ἐπασκεῖν
946 3325 996 3378 BF
1013 3323 1144 3395 ἐπαυχεῖν
1157 3325 1190 3378 R.

182 3427 215 3436 -
235 3397 418 3465 δικαιοσύνην
436 3397 531 3452 BMR.

255 3543 270 3589 7
288 3536 408 3607 θέμενος
426 3536 457 3590 ἐκ
471 3543 521 3590 σοῦ
539 3535 625 3602 ταύτη
645 3534 698 3604 ἔφη
717 3535 880 3606 γεγέννηται
896 3539 945 3592 καλ
958 3538 992 3591 σὺ
1006 3536 1097 3605 πατὴρ
1111 3536 1141 3590 Ρ.
1157 3567 1192 3576 -

184 3610 217 3657 10
236 3608 323 3661 αύτδυ
342 3606 444 3671 ἀνάξια
461 3613 512 3673 τῆς
530 3601 671 3677 βασιλείας
688 3615 823 3662 ποιοῦντα
842 3608 871 3662 P.
894 3640 927 3648 —
952 3613 985 3662 20
1003 3605 1071 3674 τάδε
1091 3624 1141 3664 om.
1160 3607 1191 3661 P.
