2617 3909
173 219 237 284 198
484 220 672 276 ΓΕΩΡΙἾΟΤ
690 178 873 273 δΙΟΝΔΧΟΤ

72 393 113 433 ιιο
125 392 157 432 u.
237 369 313 451 Περί
340 368 373 431 δέ
399 393 431 451 γε
458 379 511 449 τῆς
537 373 648 448 τιολλής
676 369 850 451 φρονήσεως
877 367 968 431 αὑτοῦ
991 367 1043 432 καὶ
1065 371 1190 447 σοφίας,

169 461 207 548 ής
229 470 333 548 εἴληφε
355 467 437 548 παρὰ
458 473 544 548 θεοῦ,
567 465 699 530 ύκονσον
721 469 751 529 τί
771 468 861 529 πόλιν
884 465 900 528 6
923 465 995 542 θεός
1016 484 1094 547 φησι
1112 467 1191 546 πρὸς

171 567 274 629 αύτόν·
299 566 365 628 ἰδού
391 564 506 628 δόδωκό
528 583 575 630 σοι
602 565 730 648 καρδίαν
752 565 905 646 φρονίμην
932 563 983 626 καὶ
1005 565 1123 646 σοφήν,
1149 563 1191 638 ὣς

170 664 209 726 σό
231 663 268 726 ού
291 663 411 746 γέγονεν
432 661 602 744 ἔμπροσθέν
625 681 682 726 σον
703 662 753 726 καί
777 663 849 742 μετύ
867 679 899 725 σε
918 663 973 725 ούκ
991 661 1191 743 ἀναστήσεται

126 784 157 828 ,ἐι
171 761 274 842 ὅμοιός
296 767 354 842 σοι’,
376 760 426 823 καλ
448 767 577 827 πλοῦτον
599 759 649 824 καί
676 761 809 844 χρήματα
830 759 881 823 καὶ
905 762 996 836 δόξαν
1019 761 1107 824 δύσω
1131 779 1191 824 σοι.

170 858 211 934 ὡς
234 859 271 920 σὺ
294 858 350 920 οόιι
372 858 502 941 ἐγενήθη
526 858 628 940 ὅμοιός
646 877 694 922 σοι
712 858 745 920 ἐν
763 864 824 932 τοῖς
842 861 1021 940 βασιλεῦσιν,
1045 858 1097 920 καί
1115 860 1191 939 μετά

170 975 203 1021 σε
229 957 285 1019 οῦκ
312 956 513 1036 ἀναστήσεται.
559 956 609 1019 καί
636 966 723 1019 τοῦτο
751 954 925 1036 δηλοῦσαή
953 957 1055 1038 γραφή
1084 957 1192 1038 ἐιιύγει

169 1054 307 1137 λέγουσα·
325 1054 376 1117 καί
394 1056 484 1118 ἔδωκε
502 1056 605 1137 κύριος
623 1055 772 1137 φρόνησιν
791 1061 830 1139 τῷ
845 1053 991 1134 Σολομὼν
1010 1054 1060 1116 καὶ
1073 1057 1191 1134 σοφίαν

169 1154 283 1234 πολλὴν
306 1155 423 1237 σφόδρα
445 1153 497 1218 καλ
518 1154 596 1234 γύμα
618 1154 742 1235 καρδίας
764 1150 805 1226 ὡς
828 1150 848 1232 ἡ
869 1150 1004 1232 ύμμοςή
1027 1151 1110 1234 καρὰ
1132 1153 1190 1232 τὴν

130 1274 157 1317 ιο
170 1253 340 1333 θάλασσαν,
366 1252 417 1314 καλ
445 1251 629 1331 ’ἐπληθύνθη
650 1248 670 1330 ή
695 1251 842 1333 φρόνησις
869 1250 963 1313 αὐτοῦ
989 1248 1064 1332 ὑπὲρ
1086 1261 1191 1312 πᾶσαν

170 1351 319 1431 φρόνησιν
354 1350 476 1412 πάντων
512 1348 642 1431 ἀρχαίαν
678 1347 849 1430 ἀνθρώπων
884 1347 935 1410 καὶ
966 1347 1040 1430 ὑπὲρ
1073 1350 1191 1424 πάντας

169 1449 338 1529 φρονίμους
360 1447 524 1530 Αἰγύπτου.
570 1448 664 1522 δεῖξαι
690 1456 765 1529 γοῦν
792 1445 959 1527 βουλομένη
987 1447 1042 1527 τὴν
1074 1449 1190 1526 σοφίαν

167 1546 263 1607 αὐτοῦ
289 1544 408 1618 εἰκότως
434 1545 467 1607 ἐκ
494 1544 761 1627 ταραλλήλονκαί
788 1554 847 1606 τῶν
869 1546 960 1607 πύλαι
982 1545 1190 1627 γεγενημένων

169 1641 297 1724 ἀρίστων
319 1653 424 1725 σοφῶν
446 1643 585 1722 ἐμνήσθη
607 1642 658 1704 καὶ
681 1641 750 1716 τοὺς
768 1643 954 1726 Αλγυιιτίους
977 1641 1190 1726 προστέθεικεν

129 1761 156 1804 τι
170 1737 211 1812 ὥς
233 1740 395 1814 δοκοῦντας
417 1738 498 1822 ιταρδι
520 1750 611 1802 ττῦσιν
636 1735 714 1808 εἶναι
742 1739 931 1822 σοφωτέρους
953 1765 983 1803 τε
1005 1739 1056 1802 καί
1079 1743 1189 1823 φρονί-

170 1859 253 1917 μους.
298 1836 349 1898 καί
372 1838 439 1919 γάρ,
463 1835 505 1911 όος
523 1832 667 1918 Ἕλληνες
694 1839 875 1920 ἱστοροῦσιν,
899 1838 948 1902 καί
974 1839 1147 1921 Φερεκύδης
1172 1837 1189 1902 6

170 1934 282 2017 Σύριος
305 1935 355 1997 καλ
378 1937 564 2019 Πυθαγόρας
582 1935 598 1999 6
617 1937 734 2016 Σάμιος
753 1935 805 1998 καὶ
819 1930 1017 2020 Ἀναξαγόρας
1036 1936 1052 2000 6
1071 1941 1157 2012 Κλαζ
1175 1975 1189 1984 -

166 2032 270 2113 μόνιος
298 2033 357 2095 καί
374 2034 504 2097 Πλόταν
525 2033 542 2097 6
562 2028 726 2114 Ἀθηναῖος
755 2033 830 2116 πρὸς
857 2036 980 2110 τούτους
1002 2035 1190 2116 ἐξεδήμησαν

168 2134 328 2216 θεολογίαν
355 2132 405 2199 καὶ
433 2134 629 2215 φυσιολογίαν
657 2131 872 2216 ἀκριβεστέραν
892 2133 1085 2213 μαθήσεσθαι
1112 2132 1186 2216 παρ’

128 2254 155 2298 1ο
168 2230 267 2293 αύτῶν
290 2231 467 2305 ἐλπίσαντες.
513 2230 563 2293 καί
586 2231 624 2312 δή
647 2229 698 2292 καί
718 2230 787 2312 περὶ
812 2241 865 2293 τοῦ
888 2229 1045 2306 Μωῦσέως
1069 2231 1188 2307 διεξιὼν

166 2387 171 2395 ’
240 2412 316 2466 3111
331 2412 420 2484 Regg.
436 2417 461 2478 3,
473 2418 514 2466 νε,
529 2444 563 2452 -
583 2417 599 2466 8
618 2411 664 2466 111.
679 2411 804 2482 Regg.4‚
816 2416 849 2465 τι
861 2414 924 2482 (το),
944 2443 978 2452 -
993 2385 1072 2468 '12—
1076 2430 1107 2484 ρ.
1126 2419 1187 2482 199,

168 2489 184 2536 3
203 2483 370 2538 Theodoret.
390 2483 420 2536 in
438 2482 483 2536 ΠΙ.
498 2483 587 2554 Regg.
606 2482 721 2548 Quaestss
737 2487 770 2536 10
789 2482 886 2553 Migne
904 2483 981 2538 Tom.
997 2488 1039 2550 80,
1057 2489 1118 2538 676.

239 2633 354 2702 ῦιιαρόι
371 2642 421 2688 τοῦ
439 2638 511 2688 θεοῦ
531 2635 610 2688 οοδδ,
627 2640 738 2704 praeter
755 2633 869 2690 BGGP.
889 2667 923 2676 -
946 2631 973 2689 τί
986 2635 1077 2690 ’πόλιν
1097 2637 1184 2706 φησίν

168 2704 184 2759 6
202 2704 272 2768 θεὸς
295 2704 366 2773 πρὸς
384 2703 472 2760 αότόν
490 2705 512 2758 F
534 2703 620 2760 πόλιν
639 2705 654 2760 6
673 2710 703 2760 θ.
725 2702 753 2760 τί
776 2723 862 2775 φησιν
880 2725 928 2776 ιτρ.
948 2705 1035 2762 αύτόν
1054 2707 1077 2759 Β
1100 2707 1186 2763 πάλιν

166 2772 194 2830 τί
213 2796 242 2844 φ.
262 2794 309 2845 πρ.
329 2776 416 2831 αὐτόν
434 2775 450 2830 6
468 2774 538 2838 θεός
555 2777 588 2830 R.
608 2810 641 2818 -
662 2783 681 2831 ῦἸ
698 2775 837 2848 ἐγεννήθη
857 2777 944 2836 LMP.
964 2810 998 2818 —
1017 2783 1033 2833 8
1052 2781 1091 2852 τῷ
1106 2782 1184 2834 σολο-

166 2855 254 2917 μῶντι
271 2850 409 2917 (σαλομῶν
428 2846 461 2917 L)
484 2845 623 2917 φρόνησιν
646 2849 703 2903 καλ
718 2845 824 2917 σοφίαν
843 2848 917 2904 LRV
930 2857 976 2916 ,τῶ
996 2851 1119 2920 σολομῶν
1139 2869 1183 2906 σο·

167 2916 239 2988 φίαν
257 2920 306 2972 καί
325 2919 463 2988 φρόνησιν
477 2917 508 2972 B.
528 2924 597 2972 -θ
617 2921 681 2976 ὡσεί
700 2919 950 2989 όμμοςνΒΜἾψ
970 2923 1001 2974 11
1022 2921 1185 2989 ἀνθρώπων

165 2987 292 3060 ἀρχαίων
309 2989 333 3044 G
350 2991 514 3058 ἀνθρώπων
533 3007 583 3046 om.
597 2991 631 3045 R.
651 3023 685 3032 -—
707 2997 738 3045 12
759 2989 928 3062 βουλόμενος
947 2991 1011 3046 NR.
1031 3024 1065 3032 —
1087 2998 1121 3046 14
1139 3011 1184 3048 σο-

166 3070 231 3186 φῶν
253 3059 374 3129 ἀρίστων
392 3061 422 3115 Μ
445 3059 565 3130 ἀρίστοιν
584 3078 634 3116 om.
653 3063 689 3124 Β.Ι
705 3094 740 3104 -
762 3062 957 3133 προστέθηκεν
976 3063 1079 3118 DFPV
1098 3082 1184 3131 προσ-

181 3135 272 3202 θηκεν
285 3132 371 3187 BGR.
388 3165 421 3174 -
442 3132 834 3202 11σόροςΒΒΙλΤὴοοᾶ.-
853 3133 1070 3205 κλαζομύνιοςΡ
1089 3139 1156 3204 κληζ
1173 3168 1185 3176 -

167 3202 302 3274 μένιοςΒ
325 3202 502 3274 κλυζομένιος
520 3203 548 3258 G'
566 3203 728 3274 κλεζομόνος
747 3204 775 3259 G.
800 3237 833 3246 —-
859 3211 891 3260 18
914 3206 986 3276 πρὸς
1007 3207 1118 3270 τούτοις
1135 3203 1184 3262 ΒΡ

168 3281 194 3330 et
210 3275 236 3329 V
254 3293 288 3329 m.
302 3279 322 3330 2
339 3283 372 3331 ut
389 3277 444 3332 vid.
458 3290 527 3330 corr.
546 3278 580 3331 τα
597 3277 669 3345 πρὸς
686 3278 810 3338 τούτους.
886 3289 887 3292 ’
1179 3279 1180 3284 ’

166 3425 200 3477 in
208 3441 259 3494 νιγ.
271 3426 350 3479 (τόδε
363 3427 411 3480 καί
421 3435 497 3481 σίτον
507 3427 558 3496 μὲν
573 3424 669 3482 διόλου
682 3431 732 3481 τοῦ
746 3419 966 3498 γρόνονήσθιεν
979 3429 1185 3497 καθαρώτατον

166 3527 297 3598 χιλιάδας
313 3530 376 3586 ττιε’
396 3533 445 3586 καλ
463 3499 503 3601 μδ
523 3531 567 3601 φ’,
586 3532 656 3604 βόας
674 3531 713 3589 δὲ,
725 3531 854 3606 χιλιάδας
872 3533 895 3588 ι’
914 3536 964 3590 καί
981 3533 1037 3602 τν’,
1055 3533 1185 3607 πρόβατα

167 3596 200 3653 δὲ
218 3599 347 3674 χιλιάδας
363 3601 408 3660 λς’
428 3603 478 3656 καλ
495 3603 539 3671 φ’.
559 3635 594 3644 -
614 3609 647 3658 15
667 3605 773 3671 σαφοῦς
791 3603 927 3660 ΡΤΙιοοδ.
952 3611 953 3616 ’
1000 3653 1001 3658 ,
1094 3653 1097 3661 ,,
