2617 3909
540 268 743 320 PRAEFATIO
1043 271 1147 322 LXVII

127 416 281 492 archetypi
305 416 459 491 scriptore,
482 416 571 475 sicuti
590 436 625 475 ex
643 415 760 476 Libello
779 418 815 476 dc
834 418 955 495 synodis
974 420 1146 495 suppletum

127 507 178 579 est,
196 507 305 581 postea
316 505 515 581 interpolatos
536 525 598 565 esse
617 525 685 565 cum
702 526 756 581 per
770 526 801 567 se
815 511 909 582 patet,
927 510 993 567 tum
1011 508 1048 567 iis
1068 528 1147 585 qnae

125 594 184 652 iam
200 612 347 671 exponam
362 594 496 653 elucebit.
534 594 579 653 Ao
602 616 629 671 p.
644 596 717 671 738,
729 597 769 654 15
780 614 843 671 sqq.
862 598 895 655 in
909 597 1045 657 omnibus
1059 597 1144 657 libris

126 680 267 741 Germani
293 684 482 759 patriarchae
511 683 549 741 ad
576 684 790 759 imperatorem
817 686 959 745 laudatur
988 688 1085 746 oratio
1109 706 1144 745 ex
1214 757 1217 760 ρ

125 770 270 849 Stephani
303 771 430 832 Diaconi
453 771 525 831 Vita
554 772 701 848 Stephani
723 773 857 833 Junioris
888 767 1003 856 (Migne
1030 775 1142 835 Patrol.

124 860 225 921 Graec.
241 862 274 919 Τ.
292 863 355 920 100
375 861 429 921 col.
447 863 532 921 1084
541 855 578 943 0)
594 861 779 940 deprompta,
797 864 830 921 in
845 883 936 939 quam
950 884 985 923 ex
1000 863 1144 942 Sacharja

122 950 270 1027 propheta
293 950 375 1011 locus
398 953 527 1011 insertus
551 954 603 1010 est.
648 952 763 1011 Eadem
785 972 887 1013 omnes
909 953 981 1012 libri
1004 954 1144 1014 exhibent

122 1058 217 1115 usque
241 1039 280 1099 ad
307 1040 399 1099 verba
424 1060 453 1115 p.
476 1041 547 1115 739,
568 1042 587 1099 8
612 1037 642 1112 ἐξ
665 1037 798 1120 ἀρχῆθεν
825 1039 881 1121 γὰρ
909 1040 980 1119 μετὰ
1007 1042 1062 1120 τὴν
1089 1051 1143 1103 τοῦ

122 1130 254 1207 Χριστοῦ
282 1126 325 1200 εἰς
352 1127 501 1207 οὐρανοὺς
529 1126 683 1206 ἀνάληψιν
706 1126 726 1207 ἡ
753 1129 885 1208 circueat]
915 1130 1017 1211 ὅρασις
1039 1130 1143 1192 ἀνετο-

121 1216 222 1294 noos.
257 1216 338 1297 τιοιροί
360 1238 389 1277 τε
408 1215 464 1298 γὰρ
486 1226 540 1296 τῆς
558 1217 703 1299 αι’ριόρρον
726 1217 769 1291 εἰς
791 1217 847 1295 τὴν
870 1212 916 1279 ἐπ’
942 1217 1037 1298 αὐτὴν
1059 1242 1140 1301 γερο-

120 1310 212 1365 ννῖοιν
234 1306 482 1387 θοινμοιτοοργίοιν
505 1303 525 1384 ἡ
543 1314 597 1366 τοῦ
615 1310 747 1386 Χριστοῦ
769 1305 858 1367 εἰκὼν
880 1306 1141 1388 ἐστηλογραφήθη.

120 1394 203 1455 Haec
222 1398 255 1454 in
273 1395 303 1454 P
318 1396 421 1455 statim
441 1396 593 1473 excipiunt
606 1397 706 1472 verba,
726 1416 802 1473 quac
821 1400 932 1473 etipsa
950 1398 981 1455 in
997 1397 1142 1475 Stephani

119 1484 248 1543 Diaconi
271 1486 336 1544 vita
358 1488 524 1561 sequuntur
548 1484 651 1544 eadem
673 1486 749 1545 fere:
772 1481 842 1564 μεθ’
863 1477 900 1564 ἦς
920 1484 1142 1567 ἄχειροποίητος

120 1570 152 1633 ἕν
173 1566 282 1656 Ἐδέσῃ
305 1583 342 1658 τῇ
364 1572 457 1652 πόλει,
480 1572 531 1633 καὶ
554 1571 652 1652 μέντοι
676 1573 727 1634 καὶ
749 1571 769 1652 ἡ
790 1574 870 1655 παρὰ
893 1581 932 1659 τῷ
952 1574 1140 1661 εὐοιγγελιστῇ

118 1666 230 1745 Λονκᾷ
254 1662 445 1741 ἱστορηθεῖσοι
468 1672 520 1741 τῆς
543 1662 729 1743 θεομήτορος
751 1662 810 1726 ἀπὸ
829 1658 1045 1746 Ἱεροσολύμων
1065 1665 1141 1747 πρὸς

121 1750 280 1829 Θεόφιλον.
317 1752 353 1809 In
372 1754 477 1812 ceteris
500 1753 585 1812 libris
608 1754 751 1831 imaginis
769 1754 936 1814 Edessenae
958 1757 1141 1815 mentionem

117 1841 274 1917 praecedit
304 1841 424 1901 uberior
455 1861 491 1901 ex
521 1840 643 1901 Eusebii
675 1842 713 1901 Η.
743 1844 811 1903 eccl.
829 1844 889 1901 VH
910 1845 950 1901 18
985 1844 1142 1921 desumpta

117 1932 255 1989 namatio
285 1930 321 1988 de
354 1932 456 1990 statua
487 1931 542 1989 illa
570 1930 695 2007 Christi,
729 1950 820 2007 qnam
850 1933 959 1991 mulier
985 1936 1139 2011 sangoinis

117 2019 201 2077 fluxu
220 2019 358 2079 laborans
377 2021 488 2095 posuit,
505 2023 572 2079 tum
590 2021 724 2097 reliquae
742 2023 888 2100 imagines
908 2041 1139 2082 commemoran-

116 2111 177 2183 tur,
201 2107 253 2167 sed
276 2108 374 2167 verbis
398 2111 429 2167 et
452 2128 486 2169 ex
505 2108 651 2184 Stephani
669 2108 743 2168 Vita
766 2115 797 2169 et
815 2130 850 2170 ex
867 2111 1006 2187 Epistola
1027 2111 1082 2169 illa
1101 2112 1140 2170 ad

117 2197 319 2273 Theophilum
347 2200 528 2275 compositis.
574 2199 620 2257 Ex
642 2199 707 2259 loco
731 2199 773 2258 sio
800 2202 1009 2277 coagmentato
1031 2220 1085 2276 per
1108 2220 1139 2260 se

115 2289 205 2365 patet
227 2306 287 2346 non
304 2288 437 2362 potuisse
456 2288 565 2347 codicis
584 2288 613 2345 P
631 2287 789 2347 librarium
808 2308 844 2347 ex
862 2292 1028 2349 ceterorum
1047 2290 1138 2348 libro·

115 2398 185 2435 rum
200 2376 371 2435 narratione
386 2378 450 2435 sola
465 2376 609 2452 Stephani
623 2376 751 2436 Diaconi
766 2378 866 2452 verba,
885 2380 1001 2438 omissis
1015 2378 1139 2438 Eusebii

116 2470 149 2525 et
166 2462 321 2540 Epistolae
339 2466 447 2540 verbis
466 2484 611 2540 exsecare,
630 2466 681 2526 sed
701 2466 810 2527 codicis
823 2468 884 2526 Pe
902 2468 966 2527 solo
985 2467 1138 2543 Stephano

115 2555 307 2629 desumptam
325 2557 527 2614 narrationem
548 2558 653 2631 postea
672 2576 708 2613 ex
721 2555 850 2615 Eusebio
869 2559 900 2615 et
917 2557 1056 2633 Epistola
1074 2576 1137 2618 esse

114 2644 340 2719 interpolatam.
376 2643 422 2703 De
441 2646 537 2703 morte
556 2645 683 2720 denique
701 2646 892 2720 imperatoris
909 2666 938 2721 p.
957 2649 1029 2720 744,
1046 2648 1085 2705 16
1105 2648 1137 2705 in

115 2734 145 2791 P
165 2753 201 2792 ex
220 2733 410 2810 Theophanis
433 2732 580 2807 chronico,
604 2753 663 2808 quo
681 2734 880 2793 multifariam
903 2733 1047 2813 Georgius
1065 2754 1136 2795 usus

115 2825 170 2897 est,
194 2824 347 2881 narratur:
374 2818 508 2881 ἀπέθανε
532 2821 742 2901 suavisonae
767 2820 783 2883 ὁ
806 2823 954 2901 δύστηνος
977 2832 1061 2907 ψυχῇ
1085 2821 1135 2883 καὶ

115 2911 229 2989 stipare
249 2902 299 2991 (cf.
320 2912 450 2988 Theoph.
470 2932 498 2988 p.
515 2913 589 2986 413,
606 2916 623 2969 2
644 2908 771 2989 τέθνηκε
784 2910 874 2973 Λέων
892 2911 949 2973 σὺν
967 2918 1006 2996 τῷ
1021 2916 1139 2994 ψυχικῷ

114 2998 166 3060 τεαὶ
196 2999 248 3061 τὸν
276 2999 443 3077 σωματικὸν
465 2992 628 3082 θάνατον),
658 3002 691 3059 in
721 3004 826 3063 ceteris
850 3022 885 3061 ox
907 3003 1046 3078 Epistola
1067 3002 1136 3061 illa:

115 3088 148 3150 έν
170 3088 287 3161 τούτοις
310 3086 326 3150 ὅ
350 3088 520 3171 παμμίαρος
543 3086 593 3149 καὶ
616 3086 750 3170 ἀλάστωρ
771 3089 862 3151 Λέων
885 3089 902 3151 ὁ
924 3090 1077 3169 βάναυσος
1094 3086 1135 3161 ὡς

115 3175 280 3258 ἅνθρωπος
302 3176 489 3255 ἀποθνήσκει
513 3178 723 3259 anomaeos
745 3178 796 3239 καὶ
819 3176 859 3252 ὡς
881 3173 924 3252 εἷς
946 3188 1006 3239 τῶν
1028 3176 1135 3259 ἀρχόν-

114 3289 175 3329 των
201 3264 354 3329 πέπτωκεν
382 3260 432 3349 (of.
457 3268 612 3343 Epistolae
640 3268 744 3328 verba:
777 3268 814 3329 οὐ
845 3268 923 3329 πολὺ
955 3265 988 3328 δὲ
1018 3266 1052 3327 τὸ
1084 3265 1143 3328 διὰ-

116 3356 207 3435 μέσον
230 3355 281 3417 ιιοιὶ
305 3354 320 3417 ὁ
343 3355 433 3417 Λέων
460 3354 501 3429 ὡς
528 3353 692 3437 ἅνθρωπος
718 3357 846 3435 θνήσκει
868 3354 920 3417 καὶ
949 3354 990 3428 ὡς
1011 3350 1054 3429 εἷς
1075 3366 1135 3417 τῶν

115 3444 267 3527 ἀρχόντων
288 3440 464 3527 πέπτωκεν).
501 3446 689 3506 Vocabulum
707 3446 918 3526 δοσιντερικῶς
935 3445 1071 3505 additum
1089 3450 1135 3506 est

116 3556 151 3595 ex
164 3537 380 3613 imperatorum
395 3537 532 3614 catalogo
547 3556 566 3596 a
579 3534 708 3614 Georglo
722 3535 867 3608 adhibito,
885 3536 919 3594 in
938 3554 997 3611 qno
1015 3537 1135 3613 praeter

114 3626 309 3703 imperiorum
328 3644 420 3686 annos
442 3628 585 3686 mortium
608 3644 715 3685 causac
737 3624 946 3683 narrabantur.

939 3722 973 3775 et
