2617 3909
199 189 263 255 186
511 189 699 244 Γεςιενιοε
716 190 900 243 ιιοαωιου

118 415 122 422 ¹
195 337 291 419 μηδὲν
317 337 494 411 κολάζεσθαι
519 337 571 400 καί
597 337 759 420 εὐπραγίας
786 304 987 410 ἀπολαύοντες
1014 339 1138 416 μείζονα
1168 337 1225 416 τήν

195 438 340 519 τιμωρίαν
367 435 593 514 ύποστήσονται.
638 435 689 497 καί
717 437 809 515 δῆλον
837 435 894 496 οὐκ
920 433 979 498 ἀπὸ
1008 445 1068 496 τῶν
1097 436 1224 515 μελλόν-

195 558 256 598 των
279 534 383 613 μόνον,
405 531 479 595 ἀλλὰ
500 532 551 594 καί
573 533 633 596 ἀπὸ
655 542 709 595 τοῦ
731 532 879 615 παρόντος
901 533 971 613 βίου
989 532 1022 594 τὸ
1041 532 1221 615 ὑπόδειγμα.

197 632 213 695 ὁ
241 632 343 714 γάρτοι
365 629 465 692 Δαυίδ
497 625 584 706 οὗτος
614 630 686 710 μετὰ
713 629 768 710 τήν
796 629 940 712 ἁμαρτίαν
967 630 1087 710 ἐκείνην
1117 631 1221 694 ἕνεκα·

168 735 273 791 ιλείτο
297 727 498 811 σφοδρότερον
516 727 557 802 ὡς
575 735 687 809 πολλής
705 727 876 802 ἀπολαύσας
894 727 996 802 ἀδείας
1013 727 1065 790 καὶ
1083 738 1220 803 τοιοῦτος

195 825 363 907 γενόμενος.
408 825 485 906 φησί
511 826 567 908 γδιρ
595 825 748 900 ὀνειδίζων
771 826 863 888 αύτὸν
886 825 903 888 δ
926 825 999 900 θεὸς
1025 826 1077 887 διὰ
1101 827 1219 889 Νάθαν

195 922 287 985 πάλιν
319 923 425 998 ούτως·
453 922 510 1006 ἐγὼ
543 925 641 1006 ἔχρισά
673 943 703 986 σε
730 924 773 998 εἰς
800 923 921 1006 βασιλέα
948 923 996 986 ἐπὶ
1020 918 1141 1007 Ἰσραήλ
1169 924 1219 986 καὶ

195 1020 367 1101 ἐρρυσάμην
398 1039 430 1082 σε
461 1020 494 1085 ἐκ
522 1021 617 1104 χειρὸς
644 1021 748 1084 Σαοὺλ
775 1021 825 1084 καί
852 1021 949 1084 ἔδωκά
976 1039 1023 1084 σοι
1050 1020 1104 1083 τὸν
1132 1017 1218 1085 οἷκον

194 1127 249 1181 τοῦ
275 1120 382 1199 κυρίου
409 1135 465 1180 σου
493 1117 543 1180 καί
570 1118 623 1180 τδν
653 1114 737 1181 οίκον
762 1114 878 1201 Ἰσραήλ
904 1117 955 1182 καί
973 1113 1087 1200 Ἰούδα,
1116 1119 1170 1181 καὶ
1193 1121 1220 1182 εί

152 1239 182 1280 ιο
197 1216 304 1299 μικρόν
327 1215 421 1297 ἐστιν,
448 1215 499 1277 καί
525 1217 692 1299 προσθήσω
715 1234 763 1278 σοι
789 1216 864 1278 κατὰ
890 1225 989 1278 ταῦτα.
1035 1216 1086 1278 καὶ
1114 1219 1145 1278 τί
1175 1219 1218 1280 ότι

194 1313 252 1375 οὐκ
274 1313 423 1392 ίφύλαξας
445 1314 502 1394 τήν
525 1314 647 1394 ἐντολήν
671 1337 739 1394 μου.
775 1315 838 1376 τότε
860 1313 1039 1376 ἀκούσονται
1058 1315 1090 1376 οἷ
1108 1315 1218 1395 εὐημε·

194 1421 316 1492 ροῦντες
337 1421 396 1473 νῦν
419 1412 470 1474 καλ
492 1411 544 1487 τὰς
566 1412 686 1486 ἐντολὰς
709 1413 815 1494 κυρίου
839 1411 881 1492 μή
903 1412 1098 1490 φυλάξαντες·
1123 1411 1216 1493 ἀμήν,

194 1507 268 1590 λέγω
290 1507 373 1589 ύμῖν,
397 1510 453 1572 ούκ
476 1505 544 1572 οίδα
565 1509 652 1590 ὑμᾶς.
698 1511 862 1590 πορεύεσθε
884 1510 926 1584 εἰς
949 1509 981 1572 τὸ
1004 1519 1065 1593 πῦρ
1087 1509 1123 1572 τὸ
1144 1511 1217 1584 ἐξώ-

194 1627 287 1686 τερον.
332 1605 497 1668 καὶταῦτα
520 1605 574 1686 μὲν
596 1609 700 1680 ούτοις.

147 1724 181 1767 τε
257 1696 292 1763 Ὁ
310 1693 367 1764 ούν
390 1704 533 1785 μακάριος
555 1705 656 1767 Δαυὶδ
678 1705 736 1787 πρὸ
754 1713 807 1784 τής
824 1710 959 1786 τελευτῆς
977 1705 1071 1768 αὐτοῦ
1089 1705 1216 1781 καλέσας
1296 1719 1297 1732 ’

194 1799 247 1860 τὸν
273 1799 342 1861 υίδν
369 1801 462 1863 αὐτοῦ
489 1807 671 1881 Σολομῶντα
698 1798 780 1865 εἶπεν
805 1802 894 1888 αύτῷ·
919 1803 1080 1883 Σολομών,
1108 1802 1217 1867 τέκνον

195 1920 271 1983 μου,
303 1896 368 1977 ἐμοὶ
400 1898 512 1981 ἐγίνετο
544 1900 593 1962 ἐπὶ
624 1901 728 1981 ψυχήν
757 1909 813 1962 τοῦ
840 1901 1036 1982 οἰκοδομῆσαι
1064 1895 1150 1964 οἷκον
1180 1909 1219 1986 τῷ

194 1993 317 2076 όνόματι
339 1999 446 2079 κυρίου
469 2007 523 2061 τοῦ
545 2004 631 2079 θεοῦ,
654 1997 705 2059 καὶ
728 1996 840 2080 ἐγένετο
859 1996 945 2080 λόγος
967 2000 1074 2080 κυρίου
1093 1995 1142 2060 ἐπ’
1163 1999 1216 2080 ἐμὲ

187 2092 298 2176 λόγων·
331 2089 404 2176 αἷμα
435 2096 478 2170 είς
512 2101 631 2175 πλῆθος
667 2094 779 2176 ἐξέχεας
811 2095 861 2156 καί
892 2095 1039 2176 πολέμους
1069 2097 1216 2176 ἐποίησας

153 2213 181 2254 ιο
194 2193 354 2273 μεγάλους,
386 2192 443 2254 ούκ
470 2194 676 2273 οἰκοδομήσας
703 2187 787 2256 οἷκον
814 2199 854 2278 τῷ
879 2191 1004 2274 ὀνόματί
1029 2217 1096 2274 μου.
1145 2195 1215 2256 ἰδού

193 2289 259 2363 υίὸς
286 2291 413 2352 τίκτεταί
438 2309 500 2372 σοι,
529 2290 580 2352 καί
606 2290 771 2354 ἀναπαύσω
799 2291 890 2354 αὐτὸν
917 2291 976 2355 άπὸ
1003 2281 1126 2354 πάντων
1153 2304 1216 2356 τῶν

93 2399 135 2440 1³2
148 2399 179 2442 Μ.
193 2386 311 2467 ἐχθρῶν
342 2387 435 2449 αὐτοῦ
467 2398 526 2450 τῶν
554 2387 649 2450 όντων
676 2390 839 2469 κυκλόθεν,
869 2389 914 2452 ότι
941 2388 1088 2468 Σολομὼν
1116 2389 1216 2471 όνομα

193 2485 284 2568 αύτῷ,
311 2483 362 2545 καί
389 2478 476 2559 ούτος
503 2486 694 2565 οἰκοδομήσει
721 2481 805 2548 οίκον
832 2493 872 2571 τῷ
897 2485 1022 2566 όνόματί
1047 2510 1114 2567 μου.
1161 2489 1215 2551 καὶ

173 2590 251 2641 ’νῦν
273 2579 414 2661 άνδρίζου
436 2581 487 2643 καί
509 2584 598 2663 ἴσχυε.
644 2583 694 2646 καί
718 2583 785 2646 ι’δοδ
808 2583 865 2666 ἐγὼ
890 2583 965 2648 κατὰ
987 2584 1042 2664 τήν
1065 2587 1214 2667 πτωχείαν

265 2765 350 2814 7—11
370 2760 403 2814 Π.
418 2761 507 2832 Regg.
524 2769 566 2831 ιι,
582 2770 605 2817 τ.
624 2794 659 2804 -
680 2770 713 2818 12
728 2764 792 2818 Luc.
809 2769 852 2832 ιο,
868 2769 916 2832 2⁷3
934 2764 1036 2820 Matth.
1052 2770 1096 2834 ιο,
1112 2771 1156 2822 41.
1177 2799 1213 2808 -

194 2835 367 2900 16-μ.187,
381 2835 398 2884 4
415 2830 436 2884 1.
452 2831 608 2901 01110122,
625 2842 705 2907 7sqq.

264 2996 280 3044 5
300 2987 384 3053 ἀδίας
396 2990 445 3043 PR
463 2989 607 3055 άειδίαςίλ
625 2993 739 3058 ἀδικίας
752 2995 789 3049 Μ.
806 3027 840 3036 -
859 3001 874 3048 7
892 2995 932 3058 είς
945 3012 995 3050 om.
1012 2994 1211 3051 GFHLMRV.
1295 3007 1297 3048 ff

192 3093 227 3102 -—
246 3067 263 3116 8
282 3059 423 3129 ἐρυσάμην
436 3061 575 3116 BFHMP
589 3065 651 3119 etD
667 3083 734 3121 οονν,
750 3068 842 3122 inem.
859 3083 914 3137 qua
927 3085 961 3121 m.
977 3098 1013 3106 -
1032 3072 1065 3120 10
1082 3068 1132 3122 καί
1147 3076 1214 3124 αντε

189 3129 344 3200 προσθήσω
362 3148 413 3186 ουτ.
430 3131 485 3186 FR.
504 3165 540 3175 -
563 3135 635 3190 κατὰ
653 3136 747 3192 πάντα
765 3138 788 3191 δ’
811 3138 883 3192 κατὰ
900 3137 995 3193 πάντα
1012 3146 1102 3192 ταῦτα
1121 3139 1155 3193 R.
1175 3172 1212 3180 —

189 3199 888 3344 3203'32.¹³.3‘33'”..5³2.23210²L⁹1z³z⁷†·‘””²⁰²³“²'⁶⁶⁶
901 3225 951 3264 ⁰⁹²²·
967 3207 1022 3264 ΟΡ·
1038 3241 1072 3249 “
1093 3216 1127 3264 1⁵
1146 3207 1211 3284 ⁰⁶⁹]

264 3417 280 3464 5
300 3408 384 3474 ἀδίας
400 3423 527 3478 τοιοῦτος
544 3415 641 3488 γέγονε
655 3418 686 3473 Ρ.
701 3452 735 3460 -
755 3425 771 3473 6
790 3420 805 3475 δ
824 3422 894 3486 θεὸς
913 3418 1055 3487 ὀνειδίζων
1075 3423 1166 3480 αύτδν
1180 3425 1211 3479 Ρ.

191 3513 227 3522 -
242 3486 273 3534 11
288 3490 370 3537 τοῦτο
384 3484 433 3538 καί
445 3483 507 3541 τότε
520 3485 551 3541 P.
566 3520 600 3529 -
615 3495 648 3543 12
664 3498 716 3544 νῦν
730 3508 780 3545 om.
795 3491 825 3545 P.
840 3524 876 3533 —
891 3498 923 3546 12
939 3492 1104 3562 ἀμήν-14
1119 3493 1213 3559 οὕτως

190 3569 242 3607 om.
257 3550 287 3606 P.
318 3584 341 3592 -
361 3559 394 3607 21
414 3555 471 3609 ἀπὸ
489 3566 545 3612 τῶν
564 3559 675 3629 ἐχθρῶν
694 3559 793 3629 κυρίου
811 3562 926 3618 πάντων
944 3567 1091 3619 κυκίῶθεν
1111 3565 1141 3620 P.
