<?xml version="1.0" encoding="UTF-8"?>
<!DOCTYPE html PUBLIC "-//W3C//DTD XHTML 1.0 Transitional//EN"
    "http://www.w3.org/TR/xhtml1/DTD/xhtml1-transitional.dtd">
<html xmlns="http://www.w3.org/1999/xhtml" xml:lang="en" lang="en">
 <head>
  <title>
</title>
<meta http-equiv="Content-Type" content="text/html;charset=utf-8" />
  <meta name='ocr-system' content='tesseract 3.04.00' />
  <meta name='ocr-capabilities' content='ocr_page ocr_carea ocr_par ocr_line ocrx_word'/>
</head>
<body>
  <div class='ocr_page' id='page_1' title='image "./georgiimonachic01boorgoog_0372.png"; bbox 0 0 2617 3909; ppageno 0'>
   <div class='ocr_carea' id='block_1_1' title="bbox 194 207 893 271">
    <p class='ocr_par' dir='ltr' id='par_1_1' title="bbox 194 78 1282 323">
     <span class='ocr_line' id='line_1_1' title="bbox 194 207 893 271; baseline -0.01 0"><span class='ocrx_word' id='word_1_1' title='bbox 194 207 260 271; x_wconf 79' lang='lat'><strong><em>284</em></strong></span> <span class='ocrx_word' id='word_1_2' title='bbox 506 209 694 261; x_wconf 73' lang='grc' dir='ltr'>ΓΕΩΡΙῚΟΤ</span> <span class='ocrx_word' id='word_1_3' title='bbox 710 209 893 262; x_wconf 70' lang='lat' dir='ltr'>Momor</span> 
     </span>
    </p>
   </div>
   <div class='ocr_carea' id='block_1_2' title="bbox 194 356 1283 734">
    <p class='ocr_par' dir='ltr' id='par_1_2' title="bbox 194 356 1283 734">
     <span class='ocr_line' id='line_1_2' title="bbox 194 356 1211 440; baseline 0.001 -22"><span class='ocrx_word' id='word_1_4' title='bbox 194 357 315 432; x_wconf 81' lang='grc' dir='ltr'><strong><em>αἰώνιος</em></strong></span> <span class='ocrx_word' id='word_1_5' title='bbox 337 356 387 419; x_wconf 81' lang='grc' dir='ltr'><strong><em>καί</em></strong></span> <span class='ocrx_word' id='word_1_6' title='bbox 410 357 503 440; x_wconf 84' lang='grc' dir='ltr'><strong><em>ίερεὰς</em></strong></span> <span class='ocrx_word' id='word_1_7' title='bbox 531 357 572 431; x_wconf 85' lang='grc' dir='ltr'><strong><em>εἰς</em></strong></span> <span class='ocrx_word' id='word_1_8' title='bbox 599 357 651 420; x_wconf 88' lang='grc' dir='ltr'><strong><em>τὸν</em></strong></span> <span class='ocrx_word' id='word_1_9' title='bbox 674 357 771 420; x_wconf 81' lang='grc' dir='ltr'><strong><em>αἰῶνα</em></strong></span> <span class='ocrx_word' id='word_1_10' title='bbox 792 357 867 419; x_wconf 86' lang='grc' dir='ltr'><strong><em>κατὰ</em></strong></span> <span class='ocrx_word' id='word_1_11' title='bbox 888 358 944 438; x_wconf 79' lang='grc' dir='ltr'><strong><em>τὴν</em></strong></span> <span class='ocrx_word' id='word_1_12' title='bbox 962 358 1045 432; x_wconf 80' lang='grc' dir='ltr'><em>τάξιν</em></span> <span class='ocrx_word' id='word_1_13' title='bbox 1063 362 1211 439; x_wconf 81' lang='grc' dir='ltr'><strong><em>Μελχισε-</em></strong></span> 
     </span>
     <span class='ocr_line' id='line_1_3' title="bbox 194 396 1283 543; baseline 0 -26"><span class='ocrx_word' id='word_1_14' title='bbox 194 453 253 517; x_wconf 85' lang='grc' dir='ltr'><strong><em>δέκ.</em></strong></span> <span class='ocrx_word' id='word_1_15' title='bbox 299 452 319 535; x_wconf 80' lang='grc' dir='ltr'><em>ἡ</em></span> <span class='ocrx_word' id='word_1_16' title='bbox 351 456 484 535; x_wconf 86' lang='grc' dir='ltr'><strong><em>βασιλεία</em></strong></span> <span class='ocrx_word' id='word_1_17' title='bbox 515 455 570 537; x_wconf 89' lang='grc' dir='ltr'><strong><em>γὰρ</em></strong></span> <span class='ocrx_word' id='word_1_18' title='bbox 603 455 696 518; x_wconf 77' lang='grc' dir='ltr'><strong><em>αὐτοῦ</em></strong></span> <span class='ocrx_word' id='word_1_19' title='bbox 727 457 861 537; x_wconf 83' lang='grc' dir='ltr'><strong><em>βασιλεία</em></strong></span> <span class='ocrx_word' id='word_1_20' title='bbox 888 456 1010 530; x_wconf 76' lang='grc' dir='ltr'><strong><em>αίεόνιος</em></strong></span> <span class='ocrx_word' id='word_1_21' title='bbox 1041 455 1092 518; x_wconf 82' lang='grc' dir='ltr'><strong><em>καλ</em></strong></span> <span class='ocrx_word' id='word_1_22' title='bbox 1125 455 1210 517; x_wconf 89' lang='grc' dir='ltr'><strong><em>όιδιά-</em></strong></span> <span class='ocrx_word' id='word_1_23' title='bbox 1281 396 1283 543; x_wconf 65' lang='grc' dir='ltr'><strong><em>ὰ</em></strong></span> 
     </span>
     <span class='ocr_line' id='line_1_4' title="bbox 195 548 1282 636; baseline 0 -22"><span class='ocrx_word' id='word_1_24' title='bbox 195 558 324 635; x_wconf 84' lang='grc' dir='ltr'><strong><em>φθορος,</em></strong></span> <span class='ocrx_word' id='word_1_25' title='bbox 342 551 392 614; x_wconf 81' lang='grc' dir='ltr'><strong><em>καί</em></strong></span> <span class='ocrx_word' id='word_1_26' title='bbox 410 553 465 633; x_wconf 80' lang='grc' dir='ltr'><strong><em>τήν</em></strong></span> <span class='ocrx_word' id='word_1_27' title='bbox 483 552 587 635; x_wconf 84' lang='grc' dir='ltr'><strong><em>γενεὰν</em></strong></span> <span class='ocrx_word' id='word_1_28' title='bbox 606 553 709 636; x_wconf 76' lang='grc' dir='ltr'><strong><em>αὐτοῦ,</em></strong></span> <span class='ocrx_word' id='word_1_29' title='bbox 728 553 843 634; x_wconf 81' lang='grc' dir='ltr'><strong><em>δηλαδή</em></strong></span> <span class='ocrx_word' id='word_1_30' title='bbox 860 554 917 634; x_wconf 86' lang='grc' dir='ltr'><strong><em>τήν</em></strong></span> <span class='ocrx_word' id='word_1_31' title='bbox 934 553 1143 633; x_wconf 74' lang='grc' dir='ltr'><strong><em>ἀκατάληπτον</em></strong></span> <span class='ocrx_word' id='word_1_32' title='bbox 1160 554 1212 615; x_wconf 77' lang='grc' dir='ltr'><strong><em>καὶ</em></strong></span> <span class='ocrx_word' id='word_1_33' title='bbox 1281 548 1282 611; x_wconf 71' lang='grc' dir='ltr'><strong><em>ὰ</em></strong></span> 
     </span>
     <span class='ocr_line' id='line_1_5' title="bbox 195 649 1163 734; baseline 0.002 -22"><span class='ocrx_word' id='word_1_34' title='bbox 195 649 375 733; x_wconf 80' lang='grc' dir='ltr'><strong><em>ὑπεροόσιόν</em></strong></span> <span class='ocrx_word' id='word_1_35' title='bbox 397 673 426 712; x_wconf 88' lang='grc' dir='ltr'><strong><em>τε</em></strong></span> <span class='ocrx_word' id='word_1_36' title='bbox 448 650 498 713; x_wconf 77' lang='grc' dir='ltr'><strong><em>καὶ</em></strong></span> <span class='ocrx_word' id='word_1_37' title='bbox 519 649 649 733; x_wconf 83' lang='grc' dir='ltr'><strong><em>άναρχον</em></strong></span> <span class='ocrx_word' id='word_1_38' title='bbox 671 661 725 732; x_wconf 89' lang='grc' dir='ltr'><strong><em>τῆς</em></strong></span> <span class='ocrx_word' id='word_1_39' title='bbox 742 653 895 732; x_wconf 77' lang='grc' dir='ltr'><strong><em>θεότητος,</em></strong></span> <span class='ocrx_word' id='word_1_40' title='bbox 913 653 957 726; x_wconf 90' lang='grc' dir='ltr'><strong><em>τίς</em></strong></span> <span class='ocrx_word' id='word_1_41' title='bbox 975 652 1163 734; x_wconf 71' lang='grc' dir='ltr'><strong><em>διηγήσεταις</em></strong></span> 
     </span>
    </p>
   </div>
   <div class='ocr_carea' id='block_1_3' title="bbox 167 822 1150 1027">
    <p class='ocr_par' dir='ltr' id='par_1_3' title="bbox 167 822 1150 1027">
     <span class='ocr_line' id='line_1_6' title="bbox 167 822 923 911; baseline 0.004 -23"><span class='ocrx_word' id='word_1_42' title='bbox 167 847 180 888; x_wconf 82' lang='grc' dir='ltr'><strong><em>ε</em></strong></span> <span class='ocrx_word' id='word_1_43' title='bbox 482 825 542 910; x_wconf 84' lang='grc' dir='ltr'><strong><em>[θ’.</em></strong></span> <span class='ocrx_word' id='word_1_44' title='bbox 575 827 664 910; x_wconf 79' lang='grc' dir='ltr'><strong><em>Περί</em></strong></span> <span class='ocrx_word' id='word_1_45' title='bbox 683 822 923 911; x_wconf 85' lang='grc' dir='ltr'><strong><em>Ἀρταβάνου]</em></strong></span> 
     </span>
     <span class='ocr_line' id='line_1_7' title="bbox 261 941 1150 1027; baseline 0.002 -23"><span class='ocrx_word' id='word_1_46' title='bbox 261 943 350 1005; x_wconf 91' lang='grc' dir='ltr'><strong><em>Μετὰ</em></strong></span> <span class='ocrx_word' id='word_1_47' title='bbox 372 941 405 1005; x_wconf 79' lang='grc' dir='ltr'><strong><em>δὲ</em></strong></span> <span class='ocrx_word' id='word_1_48' title='bbox 428 950 556 1027; x_wconf 84' lang='grc' dir='ltr'><strong><em>Δαρεῖον</em></strong></span> <span class='ocrx_word' id='word_1_49' title='bbox 578 944 765 1026; x_wconf 78' lang='grc' dir='ltr'><strong><em>ἐβασίλευσεν</em></strong></span> <span class='ocrx_word' id='word_1_50' title='bbox 784 941 968 1027; x_wconf 86' lang='grc' dir='ltr'><strong><em>Ἀρταβάνης</em></strong></span> <span class='ocrx_word' id='word_1_51' title='bbox 990 955 1088 1026; x_wconf 85' lang='grc' dir='ltr'><strong><em>μῆνας</em></strong></span> <span class='ocrx_word' id='word_1_52' title='bbox 1111 943 1150 1019; x_wconf 80' lang='grc' dir='ltr'><strong><em>ζ’.</em></strong></span> 
     </span>
    </p>
   </div>
   <div class='ocr_carea' id='block_1_4' title="bbox 297 1116 1107 1206">
    <p class='ocr_par' dir='ltr' id='par_1_4' title="bbox 297 1116 1107 1206">
     <span class='ocr_line' id='line_1_8' title="bbox 297 1116 1107 1206; baseline 0.001 -22"><span class='ocrx_word' id='word_1_53' title='bbox 297 1118 344 1203; x_wconf 79' lang='grc' dir='ltr'><strong><em>[ι’.</em></strong></span> <span class='ocrx_word' id='word_1_54' title='bbox 377 1121 466 1205; x_wconf 78' lang='grc' dir='ltr'><strong><em>Περὶ</em></strong></span> <span class='ocrx_word' id='word_1_55' title='bbox 486 1116 723 1204; x_wconf 79' lang='grc' dir='ltr'><strong><em>Ἀρταξέρξου</em></strong></span> <span class='ocrx_word' id='word_1_56' title='bbox 745 1133 807 1185; x_wconf 81' lang='grc' dir='ltr'><strong><em>τοῦ</em></strong></span> <span class='ocrx_word' id='word_1_57' title='bbox 830 1120 1107 1206; x_wconf 70' lang='grc' dir='ltr'><strong><em>Μακρόχειρος]</em></strong></span> 
     </span>
    </p>
   </div>
   <div class='ocr_carea' id='block_1_5' title="bbox 154 1242 1213 2018">
    <p class='ocr_par' dir='ltr' id='par_1_5' title="bbox 154 1242 1213 2018">
     <span class='ocr_line' id='line_1_9' title="bbox 260 1242 1211 1330; baseline 0.003 -22"><span class='ocrx_word' id='word_1_58' title='bbox 260 1246 349 1308; x_wconf 90' lang='grc' dir='ltr'><strong><em>Μετὰ</em></strong></span> <span class='ocrx_word' id='word_1_59' title='bbox 371 1245 404 1308; x_wconf 76' lang='grc' dir='ltr'><strong><em>δέ</em></strong></span> <span class='ocrx_word' id='word_1_60' title='bbox 424 1242 609 1330; x_wconf 77' lang='grc' dir='ltr'><strong><em>Ἀρταβάνην</em></strong></span> <span class='ocrx_word' id='word_1_61' title='bbox 631 1246 818 1328; x_wconf 76' lang='grc' dir='ltr'><strong><em>ἐβασίλευσεν</em></strong></span> <span class='ocrx_word' id='word_1_62' title='bbox 837 1243 1027 1330; x_wconf 78' lang='grc' dir='ltr'><strong><em>Ἀρταξέρξης</em></strong></span> <span class='ocrx_word' id='word_1_63' title='bbox 1045 1246 1062 1309; x_wconf 88' lang='grc' dir='ltr'><strong><em>δ</em></strong></span> <span class='ocrx_word' id='word_1_64' title='bbox 1081 1250 1211 1330; x_wconf 85' lang='grc' dir='ltr'><strong><em>Μακρό-</em></strong></span> 
     </span>
     <span class='ocr_line' id='line_1_10' title="bbox 193 1339 1210 1427; baseline 0.001 -20"><span class='ocrx_word' id='word_1_65' title='bbox 193 1368 253 1427; x_wconf 84' lang='grc' dir='ltr'><strong><em>χειρ</em></strong></span> <span class='ocrx_word' id='word_1_66' title='bbox 278 1345 327 1424; x_wconf 73' lang='grc' dir='ltr'><strong><em>ἔτη</em></strong></span> <span class='ocrx_word' id='word_1_67' title='bbox 351 1341 413 1426; x_wconf 82' lang='grc' dir='ltr'><strong><em>μα’.</em></strong></span> <span class='ocrx_word' id='word_1_68' title='bbox 459 1339 508 1424; x_wconf 75' lang='grc' dir='ltr'><strong><em>ἐφ’</em></strong></span> <span class='ocrx_word' id='word_1_69' title='bbox 534 1339 571 1408; x_wconf 78' lang='grc' dir='ltr'><strong><em>οδ</em></strong></span> <span class='ocrx_word' id='word_1_70' title='bbox 594 1350 757 1426; x_wconf 79' lang='grc' dir='ltr'><strong><em>Σοφοκλῆς</em></strong></span> <span class='ocrx_word' id='word_1_71' title='bbox 778 1344 829 1407; x_wconf 84' lang='grc' dir='ltr'><strong><em>καί</em></strong></span> <span class='ocrx_word' id='word_1_72' title='bbox 846 1341 1035 1426; x_wconf 85' lang='grc' dir='ltr'><strong><em>Ἡράκλειτος</em></strong></span> <span class='ocrx_word' id='word_1_73' title='bbox 1052 1346 1105 1408; x_wconf 80' lang='grc' dir='ltr'><strong><em>καὶ</em></strong></span> <span class='ocrx_word' id='word_1_74' title='bbox 1128 1350 1210 1409; x_wconf 79' lang='grc' dir='ltr'><strong><em>Ἀνα-</em></strong></span> 
     </span>
     <span class='ocr_line' id='line_1_11' title="bbox 154 1442 1211 1526; baseline 0.006 -26"><span class='ocrx_word' id='word_1_75' title='bbox 154 1459 180 1500; x_wconf 85' lang='lat'><strong><em>10</em></strong></span> <span class='ocrx_word' id='word_1_76' title='bbox 194 1443 319 1525; x_wconf 87' lang='grc' dir='ltr'><strong><em>ξαγόρας</em></strong></span> <span class='ocrx_word' id='word_1_77' title='bbox 341 1443 392 1505; x_wconf 80' lang='grc' dir='ltr'><strong><em>καί</em></strong></span> <span class='ocrx_word' id='word_1_78' title='bbox 410 1443 596 1526; x_wconf 74' lang='grc' dir='ltr'><strong><em>Πυθαγόρας</em></strong></span> <span class='ocrx_word' id='word_1_79' title='bbox 619 1442 670 1505; x_wconf 82' lang='grc' dir='ltr'><strong><em>καί</em></strong></span> <span class='ocrx_word' id='word_1_80' title='bbox 691 1444 882 1523; x_wconf 90' lang='grc' dir='ltr'><strong><em>Θουκυδίδης</em></strong></span> <span class='ocrx_word' id='word_1_81' title='bbox 901 1442 951 1505; x_wconf 84' lang='grc' dir='ltr'><strong><em>καί</em></strong></span> <span class='ocrx_word' id='word_1_82' title='bbox 971 1443 1144 1525; x_wconf 72' lang='grc' dir='ltr'><strong><em>Εκλριπίδης</em></strong></span> <span class='ocrx_word' id='word_1_83' title='bbox 1162 1446 1211 1508; x_wconf 82' lang='grc' dir='ltr'><strong><em>καὶ</em></strong></span> 
     </span>
     <span class='ocr_line' id='line_1_12' title="bbox 188 1536 1211 1623; baseline 0.004 -22"><span class='ocrx_word' id='word_1_84' title='bbox 188 1536 348 1622; x_wconf 84' lang='grc' dir='ltr'><strong><em>Ἡρόδοτος</em></strong></span> <span class='ocrx_word' id='word_1_85' title='bbox 380 1540 430 1603; x_wconf 76' lang='grc' dir='ltr'><strong><em>καὶ</em></strong></span> <span class='ocrx_word' id='word_1_86' title='bbox 454 1536 654 1621; x_wconf 74' lang='grc' dir='ltr'><strong><em>Ἐμπεδοκλῆς</em></strong></span> <span class='ocrx_word' id='word_1_87' title='bbox 686 1540 736 1602; x_wconf 80' lang='grc' dir='ltr'><strong><em>καί</em></strong></span> <span class='ocrx_word' id='word_1_88' title='bbox 762 1540 909 1623; x_wconf 78' lang='grc' dir='ltr'><strong><em>Διογένης</em></strong></span> <span class='ocrx_word' id='word_1_89' title='bbox 938 1540 989 1603; x_wconf 75' lang='grc' dir='ltr'><strong><em>καὶ</em></strong></span> <span class='ocrx_word' id='word_1_90' title='bbox 1018 1543 1130 1622; x_wconf 81' lang='grc' dir='ltr'><strong><em>Ζήνων</em></strong></span> <span class='ocrx_word' id='word_1_91' title='bbox 1162 1543 1211 1605; x_wconf 76' lang='grc' dir='ltr'><strong><em>καὶ</em></strong></span> 
     </span>
     <span class='ocr_line' id='line_1_13' title="bbox 195 1633 1212 1722; baseline 0.004 -24"><span class='ocrx_word' id='word_1_92' title='bbox 195 1639 366 1720; x_wconf 79' lang='grc' dir='ltr'><strong><em>Φερεκύδης</em></strong></span> <span class='ocrx_word' id='word_1_93' title='bbox 389 1638 439 1700; x_wconf 78' lang='grc' dir='ltr'><strong><em>καί</em></strong></span> <span class='ocrx_word' id='word_1_94' title='bbox 458 1633 645 1722; x_wconf 82' lang='grc' dir='ltr'><strong><em>Ἀρίσταρχος</em></strong></span> <span class='ocrx_word' id='word_1_95' title='bbox 668 1638 718 1701; x_wconf 83' lang='grc' dir='ltr'><strong><em>καί</em></strong></span> <span class='ocrx_word' id='word_1_96' title='bbox 735 1634 931 1721; x_wconf 71' lang='grc' dir='ltr'><strong><em>Ἱπποκράτης</em></strong></span> <span class='ocrx_word' id='word_1_97' title='bbox 948 1638 999 1700; x_wconf 81' lang='grc' dir='ltr'><strong><em>καλ</em></strong></span> <span class='ocrx_word' id='word_1_98' title='bbox 1016 1643 1212 1722; x_wconf 78' lang='grc' dir='ltr'><strong><em>Παρμενίδης</em></strong></span> 
     </span>
     <span class='ocr_line' id='line_1_14' title="bbox 192 1731 1210 1820; baseline 0.003 -24"><span class='ocrx_word' id='word_1_99' title='bbox 192 1734 243 1796; x_wconf 76' lang='grc' dir='ltr'><strong><em>καὶ</em></strong></span> <span class='ocrx_word' id='word_1_100' title='bbox 266 1735 394 1798; x_wconf 86' lang='grc' dir='ltr'><strong><em>Πλάτων</em></strong></span> <span class='ocrx_word' id='word_1_101' title='bbox 416 1735 466 1798; x_wconf 76' lang='grc' dir='ltr'><strong><em>καὶ</em></strong></span> <span class='ocrx_word' id='word_1_102' title='bbox 486 1731 684 1819; x_wconf 77' lang='grc' dir='ltr'><strong><em>Ἀριστοτέλης</em></strong></span> <span class='ocrx_word' id='word_1_103' title='bbox 711 1737 761 1799; x_wconf 81' lang='grc' dir='ltr'><strong><em>καί</em></strong></span> <span class='ocrx_word' id='word_1_104' title='bbox 783 1736 985 1817; x_wconf 83' lang='grc' dir='ltr'><strong><em>Δημοσθένης</em></strong></span> <span class='ocrx_word' id='word_1_105' title='bbox 1007 1737 1210 1820; x_wconf 80' lang='grc' dir='ltr'><strong><em>έγνωρίζοντο,</em></strong></span> 
     </span>
     <span class='ocr_line' id='line_1_15' title="bbox 193 1830 1213 1917; baseline 0.003 -22"><span class='ocrx_word' id='word_1_106' title='bbox 193 1833 244 1895; x_wconf 81' lang='grc' dir='ltr'><strong><em>καί</em></strong></span> <span class='ocrx_word' id='word_1_107' title='bbox 275 1835 438 1916; x_wconf 85' lang='grc' dir='ltr'><strong><em>Σωκράτης</em></strong></span> <span class='ocrx_word' id='word_1_108' title='bbox 470 1833 510 1908; x_wconf 82' lang='grc' dir='ltr'><strong><em>ὡς</em></strong></span> <span class='ocrx_word' id='word_1_109' title='bbox 542 1837 691 1915; x_wconf 83' lang='grc' dir='ltr'><strong><em>φαυλίσας</em></strong></span> <span class='ocrx_word' id='word_1_110' title='bbox 722 1835 792 1910; x_wconf 82' lang='grc' dir='ltr'><strong><em>τοὺς</em></strong></span> <span class='ocrx_word' id='word_1_111' title='bbox 822 1835 936 1914; x_wconf 90' lang='grc' dir='ltr'><strong><em>νόμους</em></strong></span> <span class='ocrx_word' id='word_1_112' title='bbox 970 1844 1030 1896; x_wconf 83' lang='grc' dir='ltr'><strong><em>τῶν</em></strong></span> <span class='ocrx_word' id='word_1_113' title='bbox 1057 1830 1213 1917; x_wconf 83' lang='grc' dir='ltr'><strong><em>Ἑλλήνων</em></strong></span> 
     </span>
     <span class='ocr_line' id='line_1_16' title="bbox 154 1933 958 2018; baseline 0.004 -25"><span class='ocrx_word' id='word_1_114' title='bbox 154 1946 179 1987; x_wconf 75' lang='lat'><strong><em>1⁵</em></strong></span> <span class='ocrx_word' id='word_1_115' title='bbox 194 1938 378 1995; x_wconf 76' lang='grc' dir='ltr'><strong><em>θανατοῦται</em></strong></span> <span class='ocrx_word' id='word_1_116' title='bbox 399 1935 525 1996; x_wconf 81' lang='grc' dir='ltr'><strong><em>κώνειον</em></strong></span> <span class='ocrx_word' id='word_1_117' title='bbox 547 1933 625 1996; x_wconf 81' lang='grc' dir='ltr'><strong><em>πιὼν</em></strong></span> <span class='ocrx_word' id='word_1_118' title='bbox 647 1933 681 1996; x_wconf 82' lang='grc' dir='ltr'><strong><em>έν</em></strong></span> <span class='ocrx_word' id='word_1_119' title='bbox 703 1941 742 2018; x_wconf 76' lang='grc' dir='ltr'><strong><em>τῷ</em></strong></span> <span class='ocrx_word' id='word_1_120' title='bbox 762 1935 958 2018; x_wconf 77' lang='grc' dir='ltr'><strong><em>δεσμωτηρίῳ.</em></strong></span> 
     </span>
    </p>
   </div>
   <div class='ocr_carea' id='block_1_6' title="bbox 465 2108 929 2193">
    <p class='ocr_par' dir='ltr' id='par_1_6' title="bbox 465 2108 929 2193">
     <span class='ocr_line' id='line_1_17' title="bbox 465 2108 929 2193; baseline -0.002 -20"><span class='ocrx_word' id='word_1_121' title='bbox 465 2109 531 2186; x_wconf 85' lang='grc' dir='ltr'><strong><em>[ια’.</em></strong></span> <span class='ocrx_word' id='word_1_122' title='bbox 564 2111 653 2192; x_wconf 87' lang='grc' dir='ltr'><strong><em>Περλ</em></strong></span> <span class='ocrx_word' id='word_1_123' title='bbox 673 2108 929 2193; x_wconf 79' lang='grc' dir='ltr'><strong><em>Ἀλεξάνδρου]</em></strong></span> 
     </span>
    </p>
   </div>
   <div class='ocr_carea' id='block_1_7' title="bbox 152 2221 1213 2896">
    <p class='ocr_par' dir='ltr' id='par_1_7' title="bbox 191 2221 1210 2506">
     <span class='ocr_line' id='line_1_18' title="bbox 261 2221 1210 2309; baseline -0.001 -20"><span class='ocrx_word' id='word_1_124' title='bbox 261 2227 349 2289; x_wconf 91' lang='grc' dir='ltr'><strong><em>Μετὰ</em></strong></span> <span class='ocrx_word' id='word_1_125' title='bbox 385 2226 418 2290; x_wconf 78' lang='grc' dir='ltr'><strong><em>δέ</em></strong></span> <span class='ocrx_word' id='word_1_126' title='bbox 451 2223 643 2309; x_wconf 87' lang='grc' dir='ltr'><strong><em>Ἀρταξέρξην</em></strong></span> <span class='ocrx_word' id='word_1_127' title='bbox 679 2227 866 2308; x_wconf 76' lang='grc' dir='ltr'><strong><em>ἐβασίλευσεν</em></strong></span> <span class='ocrx_word' id='word_1_128' title='bbox 897 2221 1087 2309; x_wconf 84' lang='grc' dir='ltr'><strong><em>Ἀρταξέρξης</em></strong></span> <span class='ocrx_word' id='word_1_129' title='bbox 1122 2226 1210 2301; x_wconf 83' lang='grc' dir='ltr'><strong><em>άλλος</em></strong></span> 
     </span>
     <span class='ocr_line' id='line_1_19' title="bbox 191 2320 1210 2408; baseline -0.002 -20"><span class='ocrx_word' id='word_1_130' title='bbox 191 2325 242 2388; x_wconf 79' lang='grc' dir='ltr'><strong><em>καλ</em></strong></span> <span class='ocrx_word' id='word_1_131' title='bbox 260 2327 292 2386; x_wconf 80' lang='grc' dir='ltr'><strong><em>οἱ</em></strong></span> <span class='ocrx_word' id='word_1_132' title='bbox 311 2327 441 2405; x_wconf 77' lang='grc' dir='ltr'><strong><em>καθεξῆς</em></strong></span> <span class='ocrx_word' id='word_1_133' title='bbox 463 2325 518 2399; x_wconf 75' lang='grc' dir='ltr'><strong><em>ἕως</em></strong></span> <span class='ocrx_word' id='word_1_134' title='bbox 541 2327 671 2408; x_wconf 87' lang='grc' dir='ltr'><strong><em>Δαρείου</em></strong></span> <span class='ocrx_word' id='word_1_135' title='bbox 691 2321 850 2406; x_wconf 89' lang='grc' dir='ltr'><strong><em>Ἀρσάμου,</em></strong></span> <span class='ocrx_word' id='word_1_136' title='bbox 872 2322 910 2386; x_wconf 84' lang='grc' dir='ltr'><strong><em>δν</em></strong></span> <span class='ocrx_word' id='word_1_137' title='bbox 928 2320 1120 2406; x_wconf 86' lang='grc' dir='ltr'><strong><em>Ἀλέξανδρος</em></strong></span> <span class='ocrx_word' id='word_1_138' title='bbox 1142 2324 1210 2386; x_wconf 82' lang='grc' dir='ltr'><strong><em>ἀνε-</em></strong></span> 
     </span>
     <span class='ocr_line' id='line_1_20' title="bbox 192 2421 1210 2506; baseline -0.002 -21"><span class='ocrx_word' id='word_1_139' title='bbox 192 2423 251 2486; x_wconf 84' lang='grc' dir='ltr'><strong><em>λὼν</em></strong></span> <span class='ocrx_word' id='word_1_140' title='bbox 278 2422 327 2485; x_wconf 81' lang='grc' dir='ltr'><strong><em>καί</em></strong></span> <span class='ocrx_word' id='word_1_141' title='bbox 354 2423 409 2502; x_wconf 81' lang='grc' dir='ltr'><strong><em>τήν</em></strong></span> <span class='ocrx_word' id='word_1_142' title='bbox 436 2428 562 2506; x_wconf 83' lang='grc' dir='ltr'><strong><em>Περσῶν</em></strong></span> <span class='ocrx_word' id='word_1_143' title='bbox 588 2425 740 2504; x_wconf 84' lang='grc' dir='ltr'><strong><em>βασιλείαν</em></strong></span> <span class='ocrx_word' id='word_1_144' title='bbox 762 2422 928 2496; x_wconf 82' lang='grc' dir='ltr'><strong><em>καταλύσας</em></strong></span> <span class='ocrx_word' id='word_1_145' title='bbox 953 2421 1003 2484; x_wconf 79' lang='grc' dir='ltr'><strong><em>καὶ</em></strong></span> <span class='ocrx_word' id='word_1_146' title='bbox 1030 2424 1131 2502; x_wconf 84' lang='grc' dir='ltr'><strong><em>πάσης</em></strong></span> <span class='ocrx_word' id='word_1_147' title='bbox 1157 2433 1210 2502; x_wconf 89' lang='grc' dir='ltr'><strong><em>τῆς</em></strong></span> 
     </span>
    </p>

    <p class='ocr_par' dir='ltr' id='par_1_8' title="bbox 152 2519 1213 2896">
     <span class='ocr_line' id='line_1_21' title="bbox 152 2519 1209 2603; baseline -0.001 -21"><span class='ocrx_word' id='word_1_148' title='bbox 152 2543 178 2582; x_wconf 81' lang='grc' dir='ltr'><strong><em>ιο</em></strong></span> <span class='ocrx_word' id='word_1_149' title='bbox 192 2532 246 2603; x_wconf 91' lang='grc' dir='ltr'><strong><em>γῆς</em></strong></span> <span class='ocrx_word' id='word_1_150' title='bbox 278 2521 440 2602; x_wconf 89' lang='grc' dir='ltr'><strong><em>κρατήσας,</em></strong></span> <span class='ocrx_word' id='word_1_151' title='bbox 472 2521 505 2583; x_wconf 90' lang='grc' dir='ltr'><strong><em>έν</em></strong></span> <span class='ocrx_word' id='word_1_152' title='bbox 531 2523 690 2602; x_wconf 83' lang='grc' dir='ltr'><strong><em>Βαβυλῶνι</em></strong></span> <span class='ocrx_word' id='word_1_153' title='bbox 717 2519 903 2600; x_wconf 84' lang='grc' dir='ltr'><strong><em>τελευτήσας,</em></strong></span> <span class='ocrx_word' id='word_1_154' title='bbox 935 2521 1122 2602; x_wconf 78' lang='grc' dir='ltr'><strong><em>διαιροῦνται</em></strong></span> <span class='ocrx_word' id='word_1_155' title='bbox 1154 2521 1209 2600; x_wconf 85' lang='grc' dir='ltr'><strong><em>τήν</em></strong></span> 
     </span>
     <span class='ocr_line' id='line_1_22' title="bbox 191 2616 1213 2700; baseline -0.002 -20"><span class='ocrx_word' id='word_1_156' title='bbox 191 2620 343 2699; x_wconf 85' lang='grc' dir='ltr'><strong><em>βασιλείαν</em></strong></span> <span class='ocrx_word' id='word_1_157' title='bbox 374 2619 406 2680; x_wconf 89' lang='grc' dir='ltr'><strong><em>οί</em></strong></span> <span class='ocrx_word' id='word_1_158' title='bbox 435 2620 538 2692; x_wconf 89' lang='grc' dir='ltr'><strong><em>παῖδες</em></strong></span> <span class='ocrx_word' id='word_1_159' title='bbox 568 2618 675 2700; x_wconf 74' lang='grc' dir='ltr'><strong><em>αὐτοῦ,</em></strong></span> <span class='ocrx_word' id='word_1_160' title='bbox 708 2617 748 2692; x_wconf 85' lang='grc' dir='ltr'><strong><em>ὰς</em></strong></span> <span class='ocrx_word' id='word_1_161' title='bbox 774 2617 825 2679; x_wconf 81' lang='grc' dir='ltr'><strong><em>καί</em></strong></span> <span class='ocrx_word' id='word_1_162' title='bbox 852 2616 985 2699; x_wconf 89' lang='grc' dir='ltr'><strong><em>πρόσθεν</em></strong></span> <span class='ocrx_word' id='word_1_163' title='bbox 1012 2618 1135 2698; x_wconf 85' lang='grc' dir='ltr'><strong><em>εἴρηται.</em></strong></span> <span class='ocrx_word' id='word_1_164' title='bbox 1182 2620 1213 2679; x_wconf 84' lang='grc' dir='ltr'><strong><em>οἷ</em></strong></span> 
     </span>
     <span class='ocr_line' id='line_1_23' title="bbox 191 2713 1208 2799; baseline -0.001 -22"><span class='ocrx_word' id='word_1_165' title='bbox 191 2718 294 2778; x_wconf 86' lang='grc' dir='ltr'><strong><em>τοίνυν</em></strong></span> <span class='ocrx_word' id='word_1_166' title='bbox 313 2720 438 2799; x_wconf 83' lang='grc' dir='ltr'><strong><em>Περσῶν</em></strong></span> <span class='ocrx_word' id='word_1_167' title='bbox 463 2718 592 2797; x_wconf 85' lang='grc' dir='ltr'><strong><em>βασιλεῖς</em></strong></span> <span class='ocrx_word' id='word_1_168' title='bbox 611 2715 670 2778; x_wconf 83' lang='grc' dir='ltr'><strong><em>ἀπὸ</em></strong></span> <span class='ocrx_word' id='word_1_169' title='bbox 689 2715 968 2797; x_wconf 83' lang='grc' dir='ltr'><strong><em>Ναβουχοδονόσωρ</em></strong></span> <span class='ocrx_word' id='word_1_170' title='bbox 985 2713 1036 2776; x_wconf 77' lang='grc' dir='ltr'><strong><em>καὶ</em></strong></span> <span class='ocrx_word' id='word_1_171' title='bbox 1054 2724 1116 2776; x_wconf 84' lang='grc' dir='ltr'><strong><em>τῶν</em></strong></span> <span class='ocrx_word' id='word_1_172' title='bbox 1132 2717 1208 2777; x_wconf 79' lang='grc' dir='ltr'><strong><em>υἱῶν</em></strong></span> 
     </span>
     <span class='ocr_line' id='line_1_24' title="bbox 192 2806 1210 2896; baseline -0.001 -20"><span class='ocrx_word' id='word_1_173' title='bbox 192 2813 284 2876; x_wconf 83' lang='grc' dir='ltr'><strong><em>αὐτοῦ</em></strong></span> <span class='ocrx_word' id='word_1_174' title='bbox 312 2815 386 2876; x_wconf 82' lang='grc' dir='ltr'><strong><em>εἰσιν</em></strong></span> <span class='ocrx_word' id='word_1_175' title='bbox 414 2815 488 2876; x_wconf 78' lang='grc' dir='ltr'><strong><em>οἵδε·</em></strong></span> <span class='ocrx_word' id='word_1_176' title='bbox 515 2819 642 2896; x_wconf 85' lang='grc' dir='ltr'><strong><em>Δαρεῖος</em></strong></span> <span class='ocrx_word' id='word_1_177' title='bbox 669 2813 685 2877; x_wconf 83' lang='grc' dir='ltr'><strong><em>δ</em></strong></span> <span class='ocrx_word' id='word_1_178' title='bbox 710 2808 873 2895; x_wconf 80' lang='grc' dir='ltr'><strong><em>Ἀστυάγης</em></strong></span> <span class='ocrx_word' id='word_1_179' title='bbox 900 2811 916 2875; x_wconf 83' lang='grc' dir='ltr'><strong><em>δ</em></strong></span> <span class='ocrx_word' id='word_1_180' title='bbox 944 2811 994 2873; x_wconf 79' lang='grc' dir='ltr'><strong><em>καὶ</em></strong></span> <span class='ocrx_word' id='word_1_181' title='bbox 1019 2806 1210 2896; x_wconf 87' lang='grc' dir='ltr'><strong><em>Ἀρταξέρξης</em></strong></span> 
     </span>
    </p>
   </div>
   <div class='ocr_carea' id='block_1_8' title="bbox 264 2973 1141 3044">
    <p class='ocr_par' dir='ltr' id='par_1_9' title="bbox 264 2973 1141 3044">
     <span class='ocr_line' id='line_1_25' title="bbox 264 2973 1141 3044; baseline -0.001 -13"><span class='ocrx_word' id='word_1_182' title='bbox 264 2982 279 3031; x_wconf 84' lang='lat'><strong>3</strong></span> <span class='ocrx_word' id='word_1_183' title='bbox 298 2974 353 3032; x_wconf 79' lang='lat' dir='ltr'><strong>Jes.</strong></span> <span class='ocrx_word' id='word_1_184' title='bbox 369 2981 412 3044; x_wconf 77' lang='lat'><strong><em>53,</em></strong></span> <span class='ocrx_word' id='word_1_185' title='bbox 428 2982 452 3031; x_wconf 83' lang='lat'><strong><em>8.</em></strong></span> <span class='ocrx_word' id='word_1_186' title='bbox 473 3009 506 3017; x_wconf 97' lang='lat'><strong>—</strong></span> <span class='ocrx_word' id='word_1_187' title='bbox 527 2981 613 3030; x_wconf 77' lang='lat'>6-21</span> <span class='ocrx_word' id='word_1_188' title='bbox 634 2978 669 3044; x_wconf 83' lang='lat' dir='ltr'><strong><em>cf.</em></strong></span> <span class='ocrx_word' id='word_1_189' title='bbox 683 2975 827 3030; x_wconf 82' lang='grc' dir='ltr'><strong><em>Εοόοοίοο</em></strong></span> <span class='ocrx_word' id='word_1_190' title='bbox 844 2973 1002 3029; x_wconf 78' lang='lat' dir='ltr'><strong>Violarium</strong></span> <span class='ocrx_word' id='word_1_191' title='bbox 1020 2991 1064 3043; x_wconf 83' lang='lat' dir='ltr'><strong><em>cp.</em></strong></span> <span class='ocrx_word' id='word_1_192' title='bbox 1080 2980 1141 3030; x_wconf 82' lang='lat'><strong>846.</strong></span> 
     </span>
    </p>
   </div>
   <div class='ocr_carea' id='block_1_9' title="bbox 189 3099 1210 3314">
    <p class='ocr_par' dir='ltr' id='par_1_10' title="bbox 189 3099 1210 3314">
     <span class='ocr_line' id='line_1_26' title="bbox 262 3099 1209 3192; baseline 0.001 -38"><span class='ocrx_word' id='word_1_193' title='bbox 262 3107 278 3154; x_wconf 86' lang='lat'><strong>3</strong></span> <span class='ocrx_word' id='word_1_194' title='bbox 296 3100 347 3170; x_wconf 87' lang='grc' dir='ltr'><strong><em>τὴν</em></strong></span> <span class='ocrx_word' id='word_1_195' title='bbox 366 3100 563 3171; x_wconf 72' lang='grc' dir='ltr'><strong><em>ἀκατάληπτον</em></strong></span> <span class='ocrx_word' id='word_1_196' title='bbox 582 3099 731 3192; x_wconf 42' lang='grc' dir='ltr'><strong><em>δηλαδή]Ἰ</em></strong></span> <span class='ocrx_word' id='word_1_197' title='bbox 752 3099 860 3170; x_wconf 80' lang='grc' dir='ltr'><strong><em>δηλαδὴ</em></strong></span> <span class='ocrx_word' id='word_1_198' title='bbox 878 3116 929 3154; x_wconf 84' lang='lat' dir='ltr'><strong><em>om.</em></strong></span> <span class='ocrx_word' id='word_1_199' title='bbox 944 3099 974 3152; x_wconf 83' lang='lat' dir='ltr'><strong><em>L.</em></strong></span> <span class='ocrx_word' id='word_1_200' title='bbox 990 3130 1024 3139; x_wconf 91' lang='lat'><em>-</em></span> <span class='ocrx_word' id='word_1_201' title='bbox 1044 3105 1060 3152; x_wconf 84' lang='lat'>9</span> <span class='ocrx_word' id='word_1_202' title='bbox 1081 3099 1143 3189; x_wconf 71' lang='grc' dir='ltr'><strong><em>ἔρος</em></strong></span> <span class='ocrx_word' id='word_1_203' title='bbox 1160 3100 1209 3154; x_wconf 83' lang='grc' dir='ltr'><strong><em>ΑΒ</em></strong></span> 
     </span>
     <span class='ocr_line' id='line_1_27' title="bbox 189 3170 1210 3314; baseline -0.002 -16"><span class='ocrx_word' id='word_1_204' title='bbox 189 3170 1210 3314; x_wconf 53' lang='grc' dir='ltr'><strong><em>ὰῗῩτΕόὲῗλ)ζ.ἕόρήλέλίοθωὶοέό.λλό“όίοῐάλλῖλῗ”ὃ</em></strong></span> 
     </span>
    </p>
   </div>
   <div class='ocr_carea' id='block_1_10' title="bbox 189 3313 1210 3456">
    <p class='ocr_par' dir='ltr' id='par_1_11' title="bbox 189 3313 1210 3456">
     <span class='ocr_line' id='line_1_28' title="bbox 190 3313 1210 3385; baseline 0 -18"><span class='ocrx_word' id='word_1_205' title='bbox 190 3314 288 3369; x_wconf 86' lang='grc' dir='ltr'><strong><em>κόνιου</em></strong></span> <span class='ocrx_word' id='word_1_206' title='bbox 306 3314 336 3367; x_wconf 81' lang='grc' dir='ltr'><strong><em>Ιι.</em></strong></span> <span class='ocrx_word' id='word_1_207' title='bbox 356 3346 390 3354; x_wconf 93' lang='grc'><strong>-</strong></span> <span class='ocrx_word' id='word_1_208' title='bbox 410 3320 443 3368; x_wconf 87' lang='grc'><strong><em>18</em></strong></span> <span class='ocrx_word' id='word_1_209' title='bbox 463 3315 588 3384; x_wconf 85' lang='grc' dir='ltr'><strong><em>άλσάμου</em></strong></span> <span class='ocrx_word' id='word_1_210' title='bbox 606 3313 710 3367; x_wconf 81' lang='lat' dir='ltr'><strong>AEud.</strong></span> <span class='ocrx_word' id='word_1_211' title='bbox 730 3345 764 3354; x_wconf 95' lang='lat'><em>-</em></span> <span class='ocrx_word' id='word_1_212' title='bbox 783 3318 818 3367; x_wconf 77' lang='lat'><strong><em>20</em></strong></span> <span class='ocrx_word' id='word_1_213' title='bbox 837 3313 867 3367; x_wconf 81' lang='grc' dir='ltr'><strong><em>έν</em></strong></span> <span class='ocrx_word' id='word_1_214' title='bbox 886 3314 1027 3385; x_wconf 76' lang='grc' dir='ltr'><strong><em>βαβυλῶνι</em></strong></span> <span class='ocrx_word' id='word_1_215' title='bbox 1045 3313 1210 3382; x_wconf 83' lang='grc' dir='ltr'><strong><em>τελευτήσας</em></strong></span> 
     </span>
     <span class='ocr_line' id='line_1_29' title="bbox 189 3384 825 3456; baseline 0.002 -20"><span class='ocrx_word' id='word_1_216' title='bbox 189 3398 240 3436; x_wconf 75' lang='lat' dir='ltr'><strong><em>mn.</em></strong></span> <span class='ocrx_word' id='word_1_217' title='bbox 256 3384 316 3436; x_wconf 85' lang='lat' dir='ltr'><strong><em>BR.</em></strong></span> <span class='ocrx_word' id='word_1_218' title='bbox 337 3414 371 3423; x_wconf 91' lang='lat'><em>—</em></span> <span class='ocrx_word' id='word_1_219' title='bbox 389 3386 438 3438; x_wconf 84' lang='grc' dir='ltr'><strong><em>καλ</em></strong></span> <span class='ocrx_word' id='word_1_220' title='bbox 457 3385 488 3439; x_wconf 82' lang='grc' dir='ltr'><strong><em>ἐν</em></strong></span> <span class='ocrx_word' id='word_1_221' title='bbox 507 3387 531 3455; x_wconf 84' lang='grc' dir='ltr'><strong><em>β.</em></strong></span> <span class='ocrx_word' id='word_1_222' title='bbox 549 3385 594 3438; x_wconf 82' lang='lat' dir='ltr'><strong><em>FP</em></strong></span> <span class='ocrx_word' id='word_1_223' title='bbox 617 3385 647 3439; x_wconf 84' lang='grc' dir='ltr'><strong><em>έν</em></strong></span> <span class='ocrx_word' id='word_1_224' title='bbox 667 3386 729 3456; x_wconf 78' lang='grc' dir='ltr'><strong><em>βαβ.</em></strong></span> <span class='ocrx_word' id='word_1_225' title='bbox 745 3384 776 3438; x_wconf 76' lang='grc' dir='ltr'><strong><em>δέ</em></strong></span> <span class='ocrx_word' id='word_1_226' title='bbox 795 3384 825 3437; x_wconf 85' lang='grc' dir='ltr'><strong><em>Ιι.</em></strong></span> 
     </span>
    </p>
   </div>
   <div class='ocr_carea' id='block_1_11' title="bbox 191 3503 1210 3646">
    <p class='ocr_par' dir='ltr' id='par_1_12' title="bbox 191 3503 1210 3646">
     <span class='ocr_line' id='line_1_30' title="bbox 261 3503 1210 3578; baseline 0.003 -22"><span class='ocrx_word' id='word_1_227' title='bbox 261 3509 279 3556; x_wconf 87' lang='grc'>4</span> <span class='ocrx_word' id='word_1_228' title='bbox 298 3511 362 3571; x_wconf 73' lang='lat' dir='ltr'><strong><em>post</em></strong></span> <span class='ocrx_word' id='word_1_229' title='bbox 384 3506 545 3574; x_wconf 77' lang='grc' dir='ltr'><strong><em>διηγήσεται</em></strong></span> <span class='ocrx_word' id='word_1_230' title='bbox 569 3513 594 3561; x_wconf 80' lang='grc' dir='ltr'><strong><em>ελ</em></strong></span> <span class='ocrx_word' id='word_1_231' title='bbox 613 3512 645 3560; x_wconf 79' lang='lat'><strong><em>16</em></strong></span> <span class='ocrx_word' id='word_1_232' title='bbox 665 3512 730 3575; x_wconf 69' lang='lat' dir='ltr'><strong><em>pont</em></strong></span> <span class='ocrx_word' id='word_1_233' title='bbox 750 3503 927 3578; x_wconf 80' lang='grc' dir='ltr'><strong><em>δεσμωτηρίῳ</em></strong></span> <span class='ocrx_word' id='word_1_234' title='bbox 950 3508 1009 3562; x_wconf 75' lang='grc' dir='ltr'><strong><em>αλια</em></strong></span> <span class='ocrx_word' id='word_1_235' title='bbox 1031 3506 1153 3561; x_wconf 71' lang='grc' dir='ltr'><strong><em>οόόιλΡ</em></strong></span> <span class='ocrx_word' id='word_1_236' title='bbox 1176 3508 1210 3560; x_wconf 86' lang='grc' dir='ltr'><strong><em>ιἰι</em></strong></span> 
     </span>
     <span class='ocr_line' id='line_1_31' title="bbox 191 3573 1208 3646; baseline 0.01 -24"><span class='ocrx_word' id='word_1_237' title='bbox 191 3573 269 3624; x_wconf 77' lang='lat' dir='ltr'><strong><em>tertio</em></strong></span> <span class='ocrx_word' id='word_1_238' title='bbox 282 3575 418 3628; x_wconf 75' lang='lat' dir='ltr'><strong><em>volumine</em></strong></span> <span class='ocrx_word' id='word_1_239' title='bbox 431 3577 542 3630; x_wconf 69' lang='lat' dir='ltr'><strong><em>edenda.</em></strong></span> <span class='ocrx_word' id='word_1_240' title='bbox 558 3608 592 3616; x_wconf 89' lang='lat'><em>-</em></span> <span class='ocrx_word' id='word_1_241' title='bbox 612 3582 645 3629; x_wconf 80' lang='lat'><strong><em>23</em></strong></span> <span class='ocrx_word' id='word_1_242' title='bbox 663 3580 777 3644; x_wconf 80' lang='grc' dir='ltr'><strong><em>δαρεῑος</em></strong></span> <span class='ocrx_word' id='word_1_243' title='bbox 791 3578 805 3631; x_wconf 88' lang='grc' dir='ltr'><strong><em>ό</em></strong></span> <span class='ocrx_word' id='word_1_244' title='bbox 819 3577 868 3630; x_wconf 82' lang='grc' dir='ltr'><strong><em>καί</em></strong></span> <span class='ocrx_word' id='word_1_245' title='bbox 883 3577 1023 3646; x_wconf 86' lang='grc' dir='ltr'><strong><em>άστυάγης</em></strong></span> <span class='ocrx_word' id='word_1_246' title='bbox 1036 3577 1085 3630; x_wconf 83' lang='grc' dir='ltr'><strong><em>καί</em></strong></span> <span class='ocrx_word' id='word_1_247' title='bbox 1098 3577 1159 3644; x_wconf 80' lang='grc' dir='ltr'><strong><em>ἀρτ.</em></strong></span> <span class='ocrx_word' id='word_1_248' title='bbox 1174 3575 1208 3632; x_wconf 89' lang='grc' dir='ltr'><strong><em>Ρ.</em></strong></span> 
     </span>
    </p>
   </div>
   <div class='ocr_carea' id='block_1_12' title="bbox 0 0 1317 3909">
    <p class='ocr_par' dir='ltr' id='par_1_13' title="bbox 0 0 1317 3909">
     <span class='ocr_line' id='line_1_32' title="bbox 0 0 1317 3909; baseline 0 0"><span class='ocrx_word' id='word_1_249' title='bbox 0 0 1317 3909; x_wconf 95' lang='lat' dir='ltr'><strong><em> </em></strong></span> 
     </span>
    </p>
   </div>
  </div>
 </body>
</html>
