2617 3909
510 230 699 283 XPONIKON
1047 228 1112 293 253

99 386 197 441 θανεν
225 378 258 440 ἐν
284 383 349 451 ταῖς
374 376 529 459 ἁμαρτίαις
558 377 650 440 αύτού
678 377 852 458 βασιλεύσας
879 376 928 456 ἔτη
956 374 1016 458 κβ’.
1061 387 1114 462 τῆς

99 477 156 559 γδιρ
189 475 330 559 γυναικὸς
362 476 454 539 αύτού
478 471 600 557 Ἰεζάβελ
630 474 845 555 ἀποκτεινάσης
876 474 929 536 τὸν
954 475 1113 558 Ναβουθέ,

99 574 152 636 καί
174 568 261 649 ούτος
284 573 377 636 αύτού
399 575 450 638 τδν
473 573 631 653 ἀμπελῶνα
653 574 764 654 λαβάν,
786 567 867 635 είπεν
884 568 988 649 Ἠλίας
1006 574 1022 638 6
1041 596 1114 657 προ-

100 673 201 753 φήτης
223 671 297 753 πρὸς
324 671 428 734 αύτόν·
451 673 519 734 τάδε
547 670 621 753 λέγει
647 672 762 752 κύριος·
786 668 859 733 ἀνθ’
884 664 927 733 ὧν
950 673 1114 752 ἐφόνευσας

99 770 152 832 καί
175 770 423 853 ἐκληρονόμησας,
446 770 478 832 έν
501 776 540 855 τῷ
559 769 638 854 τόπῳ
660 757 683 854 ᾧ
703 769 814 844 ἐλειξαν
833 771 865 831 οί
874 771 971 845 κύνες
989 771 1022 833 τὸ
1041 765 1115 850 αίμα
1142 789 1153 830 ι

100 866 265 948 Ναβονθέ,
295 867 358 930 ἐκεῖ
380 869 525 943 λείξονσιν
553 869 584 930 οί
610 869 699 941 κύνες
725 867 758 929 τδ
785 862 859 948 αἷμά
885 887 954 950 σου,
981 869 1032 931 καί
1058 871 1114 950 τὴν

97 962 222 1046 Ἰεζάβελ
252 966 473 1047 καταφάγονται
500 967 532 1028 οί
555 966 643 1040 κύνες
675 965 708 1027 έν
738 971 779 1050 τῷ
806 969 1036 1048 προτειχίσματι,
1064 967 1114 1029 καί

100 1063 302 1145 ἐξολοθρεύσω
334 1073 387 1125 τού
411 1059 520 1145 Ἀχαδιβ
551 1063 700 1145 ούρούντα
730 1064 805 1145 πρὸς
835 1069 935 1146 τοῖχον
964 1065 1016 1127 καί
1042 1084 1114 1127 συν-

100 1163 256 1243 εχόμενον,
283 1162 357 1242 δίπερ
380 1161 436 1223 είσί
457 1161 540 1223 κύων
566 1160 616 1222 καὶ
638 1161 745 1242 κάττης
768 1161 784 1224 6
807 1162 859 1224 τδν
882 1173 942 1243 μύν
963 1164 1113 1245 θηρεύων.

101 1257 118 1320 δ
150 1261 253 1321 τοίνυν
282 1255 391 1341 Ἀχαδιβ
425 1261 525 1333 κτίσας
555 1259 654 1332 πόλεις
686 1261 811 1342 μεγάλας
842 1259 893 1322 καὶ
926 1259 1034 1342 όχυρδις
1064 1261 1155 1323 καίεο
1170 1282 1253 1322 mam.

100 1352 186 1420 οίκον
220 1356 413 1436 ἐλεφάντινον
448 1357 481 1420 ἐν
514 1359 668 1442 Σαμαρείᾳ
703 1359 875 1438 θαυμάσιον
911 1360 1029 1441 σφόδρα
1063 1359 1115 1422 καί

102 1454 174 1536 μετὰ
200 1464 292 1516 ταῦτα
318 1455 445 1535 ποιήσας
472 1456 600 1534 πόλεμον
631 1455 706 1538 πρὸς
732 1456 802 1530 τούς
828 1457 963 1538 Σύρους,
990 1454 1045 1538 ἀφ’
1071 1450 1114 1520 ὧν

100 1553 233 1628 πατάξας
255 1553 288 1615 ἐν
310 1550 405 1638 ήμέρμ
427 1559 481 1638 μιᾷ
508 1553 654 1634 μυριάδας
677 1551 721 1635 ιβ’
743 1552 810 1633 ήτοι
838 1556 971 1635 χιλιάδας
992 1553 1042 1637 ρκ’
1063 1555 1114 1618 καί

101 1651 154 1713 τὸν
182 1650 301 1732 βασιλέα
327 1652 440 1714 τούτων
466 1652 535 1714 νίδν
558 1651 647 1733 ’Ἀδερ
674 1654 843 1734 συλλαβών,
879 1650 916 1715 δν
951 1654 1001 1715 καί
1032 1676 1114 1737 περι-

101 1749 301 1829 ποιησάμενος
328 1749 377 1810 καὶ
405 1748 576 1822 ἀποστείλας
602 1749 683 1831 παρδι
707 1751 831 1832 γνώμην
857 1757 948 1832 θεοῦ,
973 1751 1114 1835 ἐλέγχεται
1128 1774 1153 1814 ιε

102 1856 206 1926 σαφῶς
237 1845 297 1908 ύπδ
327 1849 463 1928 Μιχαίου
490 1857 544 1910 τού
571 1849 729 1929 προφήτου
761 1847 907 1931 λέγοντος·
939 1851 1008 1912 τάδε
1039 1850 1114 1933 λέγει

101 1945 216 2026 κύριος·
241 1943 440 2019 ἐξαπέστειλας
458 1943 554 2028 άνδρα
572 1942 710 2028 ὀλέθρων
729 1946 761 2008 ἐκ
779 1948 873 2028 χειρός
891 1965 955 2009 σον.
991 1946 1011 2027 ή
1029 1948 1114 2029 ψυχή

101 2061 159 2105 σου
181 2041 247 2104 ιἰντί
269 2051 321 2122 τῆς
343 2053 444 2124 ψυχῆς
466 2043 569 2122 αὐτοῦ,
596 2043 646 2104 καί
669 2043 685 2106 6
708 2044 778 2118 λαός
800 2063 855 2107 σου
878 2044 943 2105 άντί
965 2054 1018 2107 τού
1041 2051 1115 2108 λαού

101 2141 203 2202 αὐτοῦ.
249 2139 299 2201 καί
326 2150 416 2202 ταῦτα
443 2139 574 2215 ἀκούσας
601 2140 719 2221 ἀπῆλθε
748 2141 962 2223 συγκεχυμένος
991 2142 1041 2204 καὶ
1067 2143 1115 2206 ἐκ·

102 2235 259 2317 λελυμένος
285 2239 374 2300 πάνυ.
418 2237 469 2300 καί
496 2238 528 2300 έν
550 2245 594 2322 ,τῷ
617 2239 703 2322 τρίτιμ
726 2238 850 2324 ἐνιαυτῷ
873 2240 963 2301 πάλιν
985 2240 1114 2314 ἐξελθὼν
1128 2263 1154 2302 ιο

102 2337 145 2410 εἰς
167 2337 295 2414 πόλεμον
317 2336 391 2397 κατὰ
413 2345 467 2398 τοῦ
489 2335 756 2418 ἀγνωμονήσαντος
778 2336 828 2398 καί
845 2339 1114 2420 παρασπονδήσαν-

102 2457 152 2508 τος
175 2432 316 2514 βασιλέως
334 2435 458 2515 Συρίας,
481 2432 604 2496 καὶτοῦ
623 2435 760 2515 Μιχαίου
779 2436 995 2510 διακωλύοντος
1013 2437 1114 2517 αὐτόν,

101 2527 165 2594 είπε
194 2527 253 2611 μετ’
279 2529 369 2613 όργής
398 2531 473 2613 πρὸς
499 2531 568 2605 τούς
595 2531 662 2614 περὶ
689 2532 791 2595 αύτόν·
817 2535 1009 2614 συλλαβόντες
1040 2534 1115 2598 ἀπό-

101 2635 197 2692 θεσθε
219 2638 324 2690 τοῦτον
347 2630 389 2704 είς
411 2624 495 2691 οίκον
518 2635 665 2710 φυλακῆς,
687 2629 738 2692 καί
755 2630 877 2694 ἐσθιέτω
895 2631 984 2714 άρτον
1003 2630 1114 2713 όδύνης

102 2727 153 2788 καί
176 2725 282 2788 πινέτω
305 2728 386 2809 ύδωρ
409 2729 553 2807 θλίψεως,
576 2727 632 2802 ἕως
653 2726 693 2788 δν
715 2728 879 2812 ἐπιστρέψω
903 2725 963 2810 μετ’
984 2731 1113 2813 είρήνης.
1128 2751 1153 2792 ιε

174 2904 192 2952 4
210 2898 255 2952 ΠΙ.
270 2898 358 2968 Regg.
374 2903 408 2952 20
417 2901 482 2969 (21),
497 2904 530 2952 19
539 2917 594 2969 sqq.
610 2931 643 2940 -
664 2905 697 2953 16
715 2899 762 2956 ΠΙ.
777 2899 864 2971 Regg.
880 2906 912 2954 21
930 2904 993 2971 (20),
1008 2908 1057 2967 42ς
1071 2906 1113 2956 43.

104 3001 139 3012 -
158 2975 191 3024 23
211 2969 257 3024 ΙΠ.
272 2969 359 3040 Regg.
375 2976 418 3038 22,
433 2975 466 3023 27
476 2987 530 3039 sqq.

176 3118 191 3165 2
212 3111 316 3183 ίεζάβελ
335 3111 430 3166 ΗΜΡ.
454 3144 488 3153 -
513 3119 528 3166 3
552 3111 639 3176 οότως
662 3113 742 3169 οοδδ.
758 3120 869 3183 praeter
887 3113 964 3169 CDP
974 3112 1056 3169 Coisl.
1081 3146 1114 3155 -

102 3180 185 3254 ήλίας
198 3183 285 3239 BGR.
301 3215 334 3224 -
350 3191 365 3238 ὅ
381 3184 473 3250 ἔλεξαν
487 3183 621 3238 AODFM
635 3185 735 3255 ἐληξαν
748 3184 830 3238 ΒΗΡ
840 3184 922 3239 Coisl.
938 3217 973 3225 -
992 3192 1007 3239 6
1025 3182 1116 3251 λίξον-

103 3273 149 3310 σιν
163 3254 265 3309 AOFN
283 3254 411 3322 λήξουσιν
425 3256 483 3310 ΒΡ.
502 3288 537 3296 -
556 3262 572 3311 8
590 3258 652 3346 τοῦ]
671 3256 721 3310 τὸν
739 3257 800 3310 BR.
819 3288 856 3296 -—
873 3257 921 3310 καὶ
939 3273 989 3311 om.
1005 3255 1060 3310 OF.
1081 3289 1115 3297 -

103 3333 119 3380 9
139 3325 272 3388 κοίττιςΑ
290 3325 393 3396 κάττης
405 3345 439 3380 m.
454 3333 471 3382 1
486 3343 554 3382 corr.
569 3345 603 3382 εει
616 3346 702 3396 κατης
715 3326 798 3382 CoisL
817 3326 903 3396 κοίτης
916 3327 1033 3381 BHLM
1050 3327 1116 3397 γείτ-

102 3418 152 3467 της
169 3398 199 3451 Ρ.
220 3429 254 3438 -
279 3402 311 3451 19
330 3399 379 3452 καλ
396 3397 582 3468 λελυπημένος
599 3398 651 3452 PR
674 3399 723 3453 καί
746 3397 962 3468 ἐκλελυπημένος
979 3399 1044 3453 vat.
1065 3404 1116 3452 153

104 3487 154 3524 σοι.
173 3469 204 3522 Β.
225 3500 258 3509 -
281 3473 313 3522 22
338 3467 479 3541 βασιλείας
502 3466 600 3538 συρίας
618 3470 640 3523 Β
664 3471 805 3541 βασιλείας
827 3467 930 3538 σνρίων
953 3470 987 3532 άς
1009 3471 1068 3539 (σέο)
1086 3470 1116 3524 Μ

103 3540 211 3612 βασιλελ
228 3537 364 3608 άσσυρίας
381 3540 415 3593 Η.
436 3571 469 3582 -
489 3547 522 3595 23
541 3540 708 3608 διπόθεσθαι
725 3540 777 3595 CN
795 3540 961 3596 ἀποθέσθαι
979 3541 1061 3597 θοίσΙ.
1081 3573 1115 3582 -

103 3617 138 3665 25
158 3608 195 3666 δν
214 3628 263 3667 οοι.
283 3611 363 3666 codd.
378 3618 489 3681 praeter
506 3611 561 3665 ΑΡ.
