2617 3909
172 218 240 282 300
488 219 675 271 ΓΕΩΡΓΙΟΤ
692 220 876 272 ΜΟΝΔΧΟΤ

172 374 212 452 τῷ
227 363 294 448 ,εφ’
315 367 371 430 ἔτει
393 365 452 428 ἀπὸ
474 368 594 440 κτίσεως
616 366 741 448 κόσμου,
762 365 864 449 ήρχθη
887 366 996 431 δκατά
1009 361 1189 448 Ἀντιόχειαν

172 475 232 528 τῶν
254 465 328 527 hev
354 464 499 547 ἀριθμός,
526 464 576 527 καῖ
598 459 737 546 Ἡρώδης
764 463 818 545 μέν
844 466 874 540 έξ
898 465 999 527 ἐθνῶν
1020 463 1082 545 ήδη
1104 467 1188 546 βασι·

173 563 240 638 λεύς
270 573 324 643 τῆς
347 557 495 637 Ἰουδαίας
526 562 779 645 ἀνηγορευμένος,
809 562 860 624 καί
889 573 942 624 τοῦ
969 564 1076 646 κυρίου
1103 560 1189 643 ήμῶν

170 657 269 742 Ἰησοῦ
291 665 423 741 Χριστοῦ
445 659 519 722 κατὰ
547 661 641 743 σόριια
667 660 881 743 γεννηθέντος,
907 660 958 722 καῖ
979 671 1034 724 τοῦ
1050 656 1189 742 Ἡρώδου

146 769 272 832 εκακῶς
294 758 346 820 τὸν
368 758 437 839 βίον
455 759 694 839 μεταλλάξαντος,
712 759 901 840 πεπλήρωται
917 760 963 822 τό·
986 758 1043 821 ούκ
1059 759 1189 837 ἐκλείψει
1286 824 1287 831 χ

173 855 272 938 ἀρχοιν
290 856 320 930 ἐξ
339 851 447 936 Ἰούδα,
470 855 526 930 έοις
543 854 581 917 ἀν
599 856 675 941 ἔλθη
693 845 718 942 ᾧ
736 856 900 938 ἀπόκειται,
922 857 956 931 ός
973 857 1034 919 ἐστι
1051 856 1190 940 Χριστός,

172 953 275 1033 ἐπειδὴ
297 953 353 1037 γὰρ
375 953 465 1028 αὐτὸς
482 949 620 1038 Ἡρώδης
646 953 814 1034 ἀλλόφυλος
836 951 880 1016 ἀν
905 954 1100 1038 περιτμηθελς
1120 947 1192 1038 ήρξε

173 1061 232 1114 τῶν
252 1045 406 1114 Ἰουδαίων
429 1051 479 1113 καῖ
504 1050 637 1135 ἀρχιερέα
663 1051 838 1133 κατέστησεν
864 1051 1009 1136 ἀλλογενή
1031 1052 1085 1114 τδν
1104 1049 1192 1115 Ἀνύ-
1288 1124 1289 1131 χ

172 1155 271 1232 νιλον,
297 1143 347 1230 ἐφ’
377 1144 423 1223 οἷς
454 1149 575 1230 έπαύθη
606 1149 681 1212 κατά
712 1151 769 1230 τήν
799 1152 890 1213 θείαν
920 1150 1086 1234 πρόρρησιν
1112 1149 1134 1231 ή
1159 1151 1189 1226 έξ

134 1271 160 1310 ιο
171 1243 270 1311 Ἰούδα
292 1247 366 1330 ἀρχή
390 1246 471 1330 μέχρι
493 1246 555 1309 τότε
582 1248 760 1329 κρατήσασα.
806 1249 837 1311 οἱ
856 1247 913 1331 γάρ
936 1250 1023 1332 ἱερεῖς
1046 1249 1190 1331 προεστή-
1289 1288 1290 1291 ¹

174 1365 262 1409 ιιεσαν
288 1357 348 1408 τῶν
374 1347 568 1429 πραγμάτων,
595 1343 679 1428 ἀχρις
706 1341 744 1408 ού
767 1346 907 1427 Πέμπτος
925 1340 1076 1427 Ῥωμαίων
1103 1365 1190 1429 στρα-

174 1445 264 1527 τηγός
293 1443 412 1519 ἐπιστὰς
442 1444 498 1523 τήν
528 1441 582 1524 μέν
604 1438 797 1526 Ἰερουσαλήμ
827 1443 902 1506 κατὰ
932 1445 1039 1527 κρότος
1069 1450 1190 1525 πολιορ-

173 1549 233 1623 κεῖ,
262 1543 371 1621 μιαίνει
398 1540 431 1603 δέ
457 1541 494 1603 τά
520 1542 590 1623 ἀγια
622 1540 704 1625 μέχρι
735 1552 794 1604 τάν
821 1541 941 1605 ἀδύτων
967 1541 1112 1605 εἰσελθὼν
1138 1551 1193 1604 τοῦ

175 1641 271 1721 ἱεροῦ,
303 1639 356 1700 τάν
385 1636 417 1700 δέ
446 1638 479 1701 έιι
505 1648 559 1718 τής
584 1639 742 1721 προγόνων
772 1641 914 1721 διαδοχῆς
945 1639 1044 1723 μέχρις
1074 1640 1192 1702 έκείνου

135 1759 160 1800 15
174 1745 227 1798 τοῦ
251 1745 357 1820 καιροῦ
380 1734 573 1820 διαρκέσοιντα
595 1737 716 1818 βασιλέα
739 1762 768 1801 τε
793 1735 869 1818 δμοῦ
892 1737 943 1800 καί
964 1737 1098 1820 ἀρχιερέα
1112 1734 1192 1820 Ἀρι·

75 1850 114 1889 220
129 1848 160 1889 M·
175 1834 338 1916 στόβουλον
365 1832 486 1914 δέσμιον
510 1833 560 1896 ἐπί
576 1828 693 1914 Ῥώμην
719 1834 874 1914 ἐκπέμψας
900 1836 933 1896 τὸ
956 1845 1018 1896 πᾶν
1036 1831 1193 1897 ’Ἰουδαίαν

175 1933 265 2008 ἔθνος
292 1927 446 2013 Ῥωμᾱίῠις
476 1931 634 2015 ὑπέφερον
663 1931 846 2012 κατέστησεν.
891 1932 942 1995 καί
970 1934 1049 1995 οῦτω
1076 1943 1193 2014 πρῶτος
1291 1934 1295 1995 ;

174 2030 341 2110 ἀλλόφυλος
358 2025 512 2112 Ἡρώδης,
540 2027 579 2103 ὣς
606 2030 700 2112 ἔφην,
727 2031 761 2094 τὸ
780 2025 936 2092 Ἰουδαίων
956 2030 1049 2104 ἔθνος
1071 2030 1191 2112 ἐγχειρί-

175 2132 265 2210 ζεται,
297 2122 369 2190 καθ’
392 2125 427 2190 ὃν
457 2128 589 2210 ἐναργῶς
617 2138 671 2208 τής
697 2133 829 2210 Χριστοῦ
858 2130 1022 2211 παρουσίας
1049 2128 1192 2208 ένστόισης

135 2250 162 2289 εο
176 2226 308 2302 ἐξέλιπον
336 2226 455 2300 εἰκότως
481 2227 514 2288 οί
537 2235 597 2287 τῶν
616 2220 771 2289 Ἰουδαίων
798 2226 939 2309 ἀρχιερεῖς
965 2250 995 2288 τε
1021 2226 1074 2289 καὶ
1100 2225 1193 2309 ήγού-

176 2347 258 2404 μενοι
284 2324 360 2386 κατά
382 2323 437 2405 τήν
460 2319 542 2406 ίεράν
567 2326 792 2408 χρησμολογίοιν.
838 2323 888 2385 καλ
914 2324 970 2407 γάρ
998 2325 1030 2386 οἱ
1049 2314 1194 2406 ἀρχιερεῖς

175 2423 205 2496 έξ
234 2416 334 2485 Ἰούδα
364 2414 442 2502 ήσαν
477 2422 554 2500 κατά
588 2421 712 2504 μητέρα,
748 2422 866 2504 ἐπείπερ
903 2419 920 2482 δ
957 2421 1047 2503 μέγας
1075 2416 1194 2504 Ἀαράν

78 2544 114 2583 εει
130 2543 161 2584 Μ.
175 2520 230 2600 τήν
256 2529 310 2582 τοῦ
334 2514 498 2600 Ἀμιναδάβ
528 2518 680 2602 θυγατέρα
710 2519 834 2602 ἠγάγετο
861 2525 1004 2602 γυναῖκα,
1035 2519 1087 2580 ιιαλ
1117 2519 1195 2580 κατά

174 2627 261 2679 τοῦτο
294 2624 443 2700 συγγενεῖς
466 2616 613 2700 τύπήρχον
649 2619 682 2679 οἱ
715 2617 746 2691 έξ
774 2613 873 2679 Ἰούδα
904 2616 954 2678 κοιλ
985 2620 1078 2697 Λευΐ,
1117 2617 1193 2679 ὅθεν

248 2823 263 2869 5
283 2815 350 2870 Gen.
366 2821 465 2883 4910.
491 2846 524 2856 -
550 2815 876 2872 10-21Euseb.Hist.
896 2815 962 2870 eccl.
982 2815 1008 2884 Ι,
1022 2821 1047 2870 6.
1067 2847 1102 2855 -
1122 2821 1194 2869 11-

171 2905 201 2958 p.
218 2893 279 2956 301,
294 2894 309 2941 2
328 2888 363 2955 cf.
379 2885 499 2957 Syncess.
511 2904 540 2956 μ.
556 2892 616 2956 599,
632 2893 674 2941 11.

248 3072 263 3121 6
284 3057 317 3138 ὦ]
343 3064 542 3122 δΒΟΕῚιΜΒ.
563 3097 597 3106 -
622 3071 638 3122 8
661 3065 803 3136 ἀνάνηλον
821 3066 847 3119 R
870 3066 1020 3121 ἀνανεῖλον
1031 3065 1081 3119 BV
1105 3064 1194 3120 ἀκύλ-

176 3140 258 3206 ληλον
278 3138 303 3191 A
322 3137 419 3192 ἀνιλον
437 3136 471 3190 Η.
492 3170 526 3178 -
546 3142 580 3192 10
599 3137 737 3209 ἀρχιερεῖς
758 3137 855 3192 FEus.
879 3168 913 3178 -
936 3135 1124 3204 προεστήκασι
1141 3135 1194 3190 BC

176 3208 247 3262 FLR
269 3206 485 3277 προεστηκεσίαν
508 3208 542 3264 Η.
566 3239 602 3250 ·-
626 3215 658 3264 11
680 3208 822 3278 πομπήιος
839 3207 916 3264 Bm
937 3216 1079 3278 πομπηῑος
1096 3208 1131 3262 V.
1157 3239 1193 3248 -

178 3286 212 3333 18
230 3278 341 3348 ὴρώδης
364 3278 520 3348 ἀλλόφυλος
537 3280 572 3334 N.
596 3311 632 3320 -
658 3280 713 3403 13ss
726 3279 827 3336 τῶνἸ
850 3280 881 3333 τό
900 3287 956 3334 τῶν
974 3278 1007 3332 R.
1032 3311 1067 3320 ··-
1094 3284 1130 3333 20
1149 3279 1193 3343 ἐξ·

177 3349 287 3404 έλειπον
306 3349 365 3405 ΟΝ.
386 3381 419 3390 -
440 3356 473 3404 23
493 3349 645 3421 ἀμηυαδάβ
663 3349 683 3405 C
719 3350 749 3404 M
774 3350 920 3420 ἀμινοιδάμ
937 3349 1047 3404 BFRV.

251 3529 265 3575 1
285 3523 362 3591 ἤρθη
380 3524 410 3577 Ρ.
430 3556 463 3564 -
484 3531 500 3578 2
520 3525 571 3592 μὲν
589 3542 638 3580 om.
654 3525 684 3579 P.
700 3557 733 3566 -
754 3532 770 3580 6
789 3526 874 3581 ίοῦδοι
891 3528 941 3580 καλ
958 3525 1022 3582 λευῖ
1035 3527 1065 3580 Ρ.
1083 3558 1117 3567 -
1138 3532 1155 3579 9
1172 3526 1194 3595 ἡ

178 3608 228 3645 om.
243 3591 272 3643 P.
292 3623 326 3632 -
348 3600 380 3646 14
400 3593 443 3664 δὲ]
461 3613 490 3648 τε
508 3593 604 3648 PEus.
625 3627 659 3636 -
680 3601 712 3649 15
733 3597 914 3669 ἀριστόβοίον
932 3596 962 3651 Ρ.
