2617 3909
452 281 456 290 .
552 244 742 297 XPONIKON
1090 244 1156 309 245

145 388 275 468 ἀδελφὸς
308 391 400 453 αὐτοῦ
432 390 482 452 καλ
512 391 632 471 ἐποίησε
663 392 697 454 τδ
725 393 861 474 πονηρὸν
887 391 1015 454 ἐνώπιον
1040 394 1157 476 κυρίου,

144 487 195 550 καί
217 487 317 550 ἐλθὼν
339 489 616 572 Ναβουχοδονόσωρ
642 487 659 550 δ
687 490 824 569 διάδοχος
852 488 1001 570 Μαροδδιχ
1030 489 1080 551 καλ
1102 504 1254 552 τσο-17514.

145 586 305 667 λιορκήσας
327 587 382 666 τὴν
402 582 549 649 Ἰουδαίαν
573 587 728 668 ὑπόφορον
751 586 846 666 αὐτὴν
866 586 1012 666 ἐποίησεν.
1048 586 1157 667 ύιθετή-
1222 602 1225 607 “

148 702 254 757 σαντος
278 682 310 745 δέ
332 685 387 764 τὴν
411 687 591 767 φορολοχίαν
610 681 758 765 Ἰωακείμ,
781 676 864 765 ἦλθε,
879 685 968 746 πόλιν
990 685 1032 758 είς
1049 679 1157 767 Ἰερου-

145 781 242 861 σαλὴμ
269 782 555 864 Ναβουχοδονόσωρ.
600 782 650 844 κοιλ
678 792 783 844 τοῦτον
811 782 1023 865 χειρωσόμενός
1049 805 1079 844 τε
1107 782 1157 844 καλ
1184 806 1197 846 σ

145 877 259 940 ἀνελὼν
281 879 332 940 καὶ
354 878 413 942 ἀπὸ
436 889 489 942 τού
517 881 629 961 τείχους
656 881 783 962 ῥιφῆναι
809 880 947 954 κελεύσας
970 878 1086 959 ύταφον
1109 880 1157 943 ἐπί

146 976 242 1038 πολύν
264 975 397 1039 κατέλιπε
420 977 527 1060 χρόνον
550 978 764 1059 βασιλεύσαντα
786 977 836 1056 ἔτη
859 975 911 1038 ια’.
947 976 1014 1059 περί
1036 971 1074 1040 ού
1097 1001 1157 1058 φη-

144 1091 192 1135 σιν
213 1069 365 1156 Ἱερεμίας·
389 1075 458 1137 τάδε
487 1074 561 1156 λέχει
589 1076 693 1157 κύριος
719 1073 768 1138 έπλ
792 1071 925 1155 Ἰοοακελμ
951 1075 1020 1137 υίδν
1043 1072 1157 1139 Ἰασίου

143 1171 286 1252 βασιλέως
319 1168 428 1235 Ἰούδα·
467 1171 537 1235 ούαλ
573 1172 620 1235 ἕπλ
657 1173 708 1234 τὸν
749 1170 843 1255 ύνδρα
883 1182 996 1235 τοῦτον.
1043 1174 1080 1236 ού
1116 1174 1156 1254 μὴ

143 1270 291 1348 κόψονται
322 1270 427 1351 αύτόν,
460 1263 483 1332 ὦ
513 1268 638 1351 ἀδελφέ,
671 1267 741 1332 ούδὲ
773 1271 814 1350 μὴ
846 1271 1024 1332 κλαύσονται
1055 1271 1157 1353 αύτόν,
1171 1295 1198 1334 ιο

143 1368 225 1447 οἴμοι
247 1369 339 1450 κύριε,
362 1367 412 1430 καλ
435 1369 515 1447 οἴμοι
538 1367 657 1449 ἀδελφέ,
680 1366 753 1429 ἀλλὰ
775 1366 875 1447 ταφδχν
898 1365 972 1429 όνον
994 1368 1157 1448 ταφήσεται

143 1464 194 1527 καλ
221 1465 451 1546 συμψηφισθελς
478 1467 634 1548 ριφήσεται
661 1463 794 1528 ἐπέκεινα
822 1474 875 1545 τῆς
898 1467 994 1545 πύλης
1010 1461 1157 1548 Ἰερουσα-

142 1563 211 1643 λήμ.
256 1563 318 1625 τότε
341 1561 373 1625 δέ
396 1562 446 1625 καί
467 1564 583 1644 Δανιὴλ
610 1562 735 1645 ἀπήχθη
758 1561 864 1625 καλοί
883 1569 960 1644 τρεῖς
981 1565 1085 1638 παῖδες
1107 1564 1157 1626 καὶ

143 1659 225 1723 ύλλοι
247 1670 300 1722 τοῦ
322 1665 396 1723 λαοῦ
419 1665 549 1724 πλεῖστοι
569 1660 627 1730 ’καλ
654 1661 741 1744 μέρος
764 1671 823 1722 τῶν
848 1671 963 1724 σκευῶν
985 1664 1092 1745 κυρίου
1115 1663 1157 1736 είς

142 1761 316 1840 Βαβυλῶνα.
1171 1782 1197 1823 ιι

224 1850 227 1856 ’
445 1844 520 1929 [κβ”.
554 1847 642 1930 Περὶ
663 1844 858 1929 Ἰεχονίου]

210 1971 299 2033 Μετὰ
327 1969 359 2034 δὲ
378 1966 511 2053 Ἰωακελμ
538 1972 724 2052 ἐβασίλευσεν
743 1968 882 2053 ’Ἰεχονίας
911 1972 977 2046 νλδς
1004 1971 1113 2052 αὐτοῦ,
1140 1971 1156 2035 δ

141 2068 192 2131 καί
212 2065 360 2151 Ἰωακείμ,
385 2069 436 2132 διδι
458 2070 680 2152 προστάγματος
702 2069 980 2151 Ναβουχοδονόσωρ
1003 2068 1054 2130 καί
1077 2069 1157 2132 έποί-

143 2185 196 2247 ησε
228 2167 260 2229 τδ
292 2168 427 2250 πονηρδν
460 2167 588 2230 ένοόπιον
615 2168 730 2249 κυρίου.
776 2166 826 2228 καί
852 2165 919 2249 περὶ
946 2167 1016 2240 τοὺς
1043 2166 1157 2249 φόρους

142 2263 408 2347 ἀχνυμονήσαντος
438 2264 546 2346 αὐτοῦ,
575 2256 669 2344 ἦλθεν
692 2257 785 2337 αὖθις
807 2263 1085 2346 Ναβουχοδονόσωρ
1113 2265 1156 2338 είς
1171 2287 1197 2326 ιο

137 2357 328 2444 Ἰερουσαλὴμ
349 2363 400 2425 καλ
427 2361 589 2445 ἐπολιόρκει
617 2362 739 2441 ταύτην·
763 2361 838 2444 πρὸς
864 2358 901 2423 δν
921 2357 1058 2442 Ἰεχονίας
1080 2361 1157 2436 έξελ-

142 2458 211 2522 θδιν
233 2459 289 2522 σὺν
313 2460 400 2543 μητρί
422 2459 472 2522 καί
494 2458 608 2534 τέκνοις
626 2458 756 2533 καὶτοῖς
774 2457 915 2540 ύρχονοιν
934 2459 1037 2540 αὐτοῦ,
1060 2460 1157 2540 εἰσῆλ-

143 2563 204 2620 θον
228 2559 260 2620 οἱ
281 2559 449 2640 μεχιστύνες
468 2557 747 2639 Ναβουχοδονόσιορ
770 2557 813 2630 είς
834 2557 889 2637 τὴν
908 2557 995 2619 πόλιν
1018 2556 1068 2619 καί
1091 2557 1157 2636 έξή-

143 2677 252 2737 νεχκαν
283 2656 353 2729 τοὺς
385 2655 560 2738 θησαυρούς
587 2656 693 2737 κυρίου
720 2654 770 2717 καί
797 2664 849 2717 τοῦ
877 2653 1019 2736 βασιλέως
1045 2654 1096 2716 καί
1122 2654 1157 2716 τδι

141 2763 235 2835 χρυσᾶ
263 2754 353 2834 σκεύη
382 2754 492 2835 πάντα,
521 2751 541 2814 δ
568 2752 688 2832 ἐποίησε
714 2752 859 2833 Σολομὼν
887 2751 920 2815 έν
951 2760 1013 2838 ναῷ
1041 2753 1155 2836 κυρίου.
1171 2774 1197 2842 ρο

141 2851 194 2914 τόν
216 2850 249 2913 δὲ
273 2853 418 2914 Σεδεκίαν
446 2850 512 2913 ἀντί
531 2847 671 2932 Ἰεχονίου
698 2851 882 2930 καταστήσας
904 2849 1052 2936 ἀπῴκισεν
1072 2847 1157 2932 Ἰεχο-

214 3037 230 3086 8
249 3031 303 3086 σοι.
320 3036 483 3100 22‚18;19.

214 3188 228 3236 7
240 3183 311 3238 πολὺ
320 3182 366 3238 Ac
372 3181 508 3238 FHMPV
518 3182 601 3238 Goisl.
613 3215 646 3224 -
657 3181 799 3237 κατέλειπε
809 3179 862 3236 CN
872 3179 955 3235 Ooisl.
966 3213 999 3221 —
1010 3186 1027 3235 8
1041 3176 1156 3235 λυσλαΒ

142 3249 222 3309 όσίου
236 3253 318 3309 Goisl.
338 3255 410 3326 ύχαζ
417 3254 449 3309 V.
466 3287 499 3295 -
519 3260 553 3308 10
572 3253 719 3326 κόψονται
736 3252 799 3306 DP.
814 3283 849 3292 —
865 3249 929 3306 οὐδ’
946 3253 980 3306 ού
994 3251 1031 3321 μὴ
1045 3252 1156 3376 χρύδου-

140 3325 280 3396 mmm*
302 3327 336 3380 ού
350 3325 465 3396 μὴΗΜ.
480 3357 516 3366 -
531 3327 627 3381 umal
641 3343 692 3381 om.
707 3324 765 3378 AD.
781 3355 815 3363 —
831 3328 864 3377 1⁸
879 3323 911 3379 δέ
926 3339 976 3378 om.
991 3323 1040 3376 AB
1070 3322 1103 3377 R
1122 3354 1155 3363 -

142 3402 174 3452 17
195 3395 325 3467 ίεχοινλας
343 3396 403 3469 (δεχ.
419 3397 480 3450 ΗΜ
499 3397 548 3469 ὶέχ.
568 3397 591 3450 Ρ
614 3406 664 3467 λἐχ.
684 3397 719 3465 A)
737 3393 876 3448 AHMPV
902 3400 927 3449 et
944 3396 983 3450 sie
999 3394 1056 3461 sere
1079 3394 1155 3449 dein·

140 3485 208 3537 ceps.
229 3501 262 3509 —
282 3473 324 3522 20.
340 3474 373 3522 21
393 3467 433 3530 είς
450 3467 501 3538 τὴν
518 3466 601 3523 πόλιν
623 3465 790 3536 ἱερουσαλὴμ
808 3464 893 3520 GRV.

213 3625 247 3673 20
266 3615 369 3688 δμοίως
386 3620 524 3689 ἀχνυμον.
543 3619 573 3673 Ρ.
