2617 3909
192 219 256 286 140
503 217 691 270 οιαννιου
709 216 893 271 ιιοιιιιιον

189 391 242 430 κεν
272 368 352 441 τίνος
383 366 569 447 παράργισεν
601 363 617 428 δ
649 362 760 444 ἀσεβής
791 363 843 427 τὸν
876 361 965 441 θεόνς
997 357 1059 428 είπε
1091 363 1150 446 γάρ
1179 364 1200 429 ἕ,

189 466 298 550 καρδίη
324 463 429 528 αὐτοῦ·
458 463 515 528 οὐκ
546 461 696 542 ἕκζητήσει
723 461 881 541 δήπουθεν
912 461 948 522 τά
974 461 1212 541 πλημμελήματά

106 586 132 626 ιι
145 583 176 624 ιι
192 587 258 643 μου.
305 563 338 636 ὅς
364 584 396 643 γε
423 562 542 634 πάντας
570 560 634 641 ἐρεῖ
656 559 730 640 πρὸς
757 559 850 624 αὐτὸν
876 560 1006 632 εἰκότως
1030 557 1137 641 ἐλέγξω
1161 559 1211 623 καῖ

191 660 369 742 παραστήσω
390 657 464 722 κατὰ
482 658 642 740 πρόσωπόν
661 676 716 720 σου
734 657 786 730 τὰς
804 655 946 739 ἁμαρτίας
964 675 1027 722 σου.
1064 655 1116 722 καὶ
1133 668 1211 739 γοῦν

165 757 251 839 ιπρδ
276 757 390 821 τούτων
417 755 514 836 φησίν
539 753 561 836 ἡ
587 756 701 838 γραφή
726 755 776 816 καὶ
803 754 877 820 ίδδιν
899 753 1040 836 κάριοςδ
1068 753 1144 828 θεὸς
1167 755 1211 818 ὅτι

190 855 431 935 ίπληθάνθησαν
457 855 492 916 αῖ
515 856 617 918 κακίαι
643 863 703 918 τῶν
730 852 905 935 ἀνθρώπων
930 851 979 914 ἐπὶ
1005 861 1058 932 τῆς
1080 863 1137 934 γής
1161 851 1213 918 καὶ

191 961 250 1028 πῶς
280 976 325 1027 τις
356 954 517 1017 διανοεῖται
543 951 577 1014 ἕν
605 961 641 1036 τῇ
671 952 780 1036 καρδίη
806 951 899 1017 αὐτοῦ
926 950 1069 1030 ῖπιμελῶς
1096 949 1146 1014 διδ
1176 951 1212 1012 τὰ

190 1050 309 1132 πονηρὰ
331 1052 428 1124 πάσας
449 1050 501 1123 τάς
523 1047 644 1131 ήμίρας,
667 1043 761 1114 είπεν·
785 1047 942 1126 ἀπολείψω
968 1047 1023 1110 τὸν
1042 1045 1212 1130 άνθρωπον

191 1146 227 1210 ὃν
248 1149 375 1229 ἐποίησα
396 1147 458 1211 ἀπὸ
479 1148 642 1230 προσώπου
664 1156 717 1228 τής
739 1157 809 1229 γῆς,
832 1147 877 1210 ὅτι
899 1145 1097 1226 ἐνεθυμήθην
1121 1147 1212 1226 ποιή-

150 1269 176 1310 ιο
190 1266 244 1322 σας
275 1246 375 1310 αιἰτάν.
420 1239 483 1308 εἶτα
514 1244 586 1325 μετὰ
615 1245 669 1310 τὸν
697 1244 904 1324 κατακλυσμὸν
936 1242 1167 1326 σπλαγχνισθεὶς
1195 1244 1212 1308 δ

190 1345 407 1427 φιλάνθρωπος
434 1343 520 1424 θεός,
547 1342 696 1425 ἐπήγαγεν
722 1341 744 1423 ἡ
769 1341 874 1426 γραφή
903 1340 1039 1424 λέγουσα·
1068 1341 1119 1406 καῖ
1146 1336 1212 1404 εἶπε

189 1443 293 1525 κύριος
315 1440 331 1505 δ
354 1442 439 1515 θεός·
463 1439 639 1520 διανοηθεὶς
667 1441 704 1503 οά
731 1439 896 1522 προσθήσω
919 1439 961 1504 ἔτι
983 1440 1213 1521 καταράσασθαι

190 1540 246 1620 τήν
267 1549 326 1621 γῆν
348 1539 401 1602 διά
418 1538 454 1602 τά
471 1539 542 1621 ἔργα
559 1548 620 1601 τῶν
638 1537 820 1621 ἀνθρώπων,
843 1538 888 1602 ὅτι
906 1537 1031 1619 ἔγκειται
1049 1535 1071 1618 ή
1089 1538 1212 1620 διάνοια

190 1647 243 1700 τοῦ
265 1636 432 1718 ἀνθρώπου
455 1636 597 1717 ἐπιμελῶς
619 1635 668 1700 ίπλ
688 1636 724 1700 τὰ
742 1636 859 1717 πονηρά
877 1635 910 1700 ἐκ
927 1636 1073 1715 νεότητος.
1111 1635 1214 1717 ὥσπερ

151 1757 177 1800 ιο
191 1736 297 1799 τοίνυν
313 1735 348 1796 αῖ
362 1740 501 1817 γυναῖκες
518 1734 578 1798 ἀπὸ
597 1735 759 1808 συνουσίας
777 1736 937 1815 τίκτουσιν,
955 1731 1012 1794 κάν
1026 1731 1080 1812 μὲν
1094 1731 1213 1815 ὑγιεινὰ

190 1832 227 1897 τά
248 1832 368 1912 σώματα
390 1820 422 1919 ή,
444 1841 567 1896 τοιαῦτα
587 1831 638 1893 καῖ
656 1833 692 1896 τά
709 1831 874 1911 τικτόμενα,
896 1831 924 1893 εί
941 1829 973 1894 δὲ
992 1831 1213 1912 διεφθαρμένα,

191 1937 319 2011 μιμεῖται
336 1940 396 1992 τῶν
413 1929 528 2013 γονέων
544 1929 601 2009 τήν
618 1931 723 2012 φύσιν,
742 1931 819 1994 οὕτω
838 1929 888 1992 καὶ
906 1928 954 1993 ίπλ
971 1937 1031 1992 τῶν
1047 1935 1211 2010 λογισμῶν·

190 2027 231 2092 ἀν
252 2027 308 2108 μὲν
328 2027 457 2111 ἀγαθοῖς
479 2027 622 2112 συγγένῃ,
645 2037 768 2091 τοιαῦτα
795 2027 874 2090 ἔσται
901 2026 951 2090 κοιλ
973 2026 1009 2088 τά
1031 2026 1149 2108 ἔγγονα,
1173 2025 1212 2088 ἀν

191 2125 223 2193 δὲ
246 2133 405 2210 πονηροῖς,
432 2124 482 2190 καῖ
505 2125 546 2206 μή
569 2125 729 2211 προσέχης,
756 2124 870 2204 πολλὴν
896 2124 1015 2188 ἐκεῖθεν
1041 2124 1128 2210 λήψη
1153 2125 1213 2204 τὴν

150 2247 178 2289 ιο
191 2226 302 2306 λύμην,
322 2219 346 2288 ἀ
369 2219 465 2298 οὗτος.
511 2223 644 2288 άκουοον
664 2234 741 2307 γοῦν
762 2225 792 2286 τί
813 2241 908 2302 φησιν
932 2219 948 2284 δ
967 2221 1124 2304 προφήτης
1143 2222 1213 2304 περὶ

190 2332 252 2386 τῖον
272 2322 348 2386 καλά
371 2321 629 2404 διαλογιζομένων·
653 2322 713 2385 ἀπὸ
740 2331 795 2384 τοῦ
822 2321 921 2401 φόβου
952 2339 1022 2400 σου,
1048 2321 1148 2401 κύριε,
1178 2321 1214 2382 ἐν

191 2420 293 2503 γαστρὶ
319 2421 463 2500 ἐλάβομεν
489 2419 542 2482 καὶ
568 2418 756 2500 ῶδινήσαμεν
780 2417 831 2482 καὶ
854 2417 988 2498 ἐπίνομεν
1011 2426 1129 2498 πνεῦμα
1152 2437 1213 2480 σω-

191 2519 302 2600 τηρίας.
348 2516 415 2600 περί
447 2515 480 2580 δὲ
510 2528 570 2580 τῶν
602 2520 740 2598 φαύλων·
769 2515 813 2580 διὰ
842 2515 978 2580 ἀσπίδων
1005 2515 1131 2599 ἕρρηξαν
1159 2515 1214 2579 καὶ

192 2616 273 2678 ἰστὸν
295 2614 427 2697 ἀράχνης
445 2615 635 2694 ὑφαίνουσιν.
672 2611 754 2678 ταῦτ’
776 2607 832 2676 οὖν
852 2614 1034 2694 ἐννοοῦντες,
1052 2611 1213 2696 ἀγαπητοί,

151 2734 177 2775 τι
191 2712 460 2794 γνωσιμαχήσωμεν
482 2713 533 2774 καί
555 2713 622 2797 περί
643 2724 699 2777 τοῦ
716 2713 817 2786 τέλους
835 2710 922 2793 ήμῶν
940 2713 1146 2794 φροντίσωμεν
1166 2712 1214 2774 ὅτι

192 2811 329 2891 μάλιστα,
352 2809 403 2872 καῖ
426 2810 467 2891 μή
495 2813 682 2891 παυσώμεθα
708 2811 743 2872 τά
766 2810 832 2892 περὶ
854 2819 908 2872 τοῦ
930 2809 1069 2889 ἀοιδίμου
1092 2809 1214 2872 ἐκείνου

191 2907 242 2970 καὶ
264 2909 425 2970 θεσπεσίου
447 2907 558 2990 ἀνδρὸς
579 2918 728 2990 νουνεχῶς
751 2907 1056 2988 ἀπομνημονεύοντες.

264 3069 281 3117 3
298 3063 400 3117 Psalm.
416 3068 450 3116 49
470 3064 534 3132 (50),
549 3069 591 3117 21.
611 3094 645 3103 -
665 3063 769 3118 5·Gen.
784 3067 815 3130 6,
829 3067 909 3134 ὅεηη,
928 3093 963 3102 -
984 3067 1016 3116 11
1037 3059 1105 3115 Gen.
1121 3065 1151 3128 8,
1168 3067 1213 3116 21.

192 3134 747 3202 -ωαπω-αωαα

265 3265 281 3314 3
300 3257 398 3329 ἐλέγξω
417 3276 447 3314 σε
464 3258 599 3312 AFGNR
608 3257 711 3312 Psalm.
730 3290 766 3298 —
787 3265 804 3313 4
822 3258 872 3312 καὶ
889 3265 959 3328 γοῦν
978 3257 1027 3310 καὶ
1044 3255 1099 3324 πρὸ
1119 3255 1155 3310 N.
1176 3289 1213 3298 --

193 3336 209 3384 5
227 3331 299 3397 πρὸς
311 3339 412 3385 τοῦτον
427 3330 563 3385 OFGRV.
579 3362 612 3370 -
633 3336 667 3383 14
681 3329 811 3399 νεότητος
825 3330 912 3384 αὐτοῦ
927 3329 991 3382 NR.
1009 3359 1044 3368 —-
1064 3334 1097 3381 14
1117 3326 1214 3396 ὥσπερ

193 3406 272 3454 -15
295 3399 436 3456 τίκτουσιν
459 3419 509 3456 om.
533 3400 592 3456 AG.
619 3432 655 3441 -
683 3405 717 3454 20
740 3398 840 3470 λοίμην
858 3399 943 3454 ΑΟΙ).
968 3431 1001 3440 -—
1026 3394 1078 3454 οὖν
1096 3397 1156 3453 BV.
1176 3432 1213 3440 —

193 3477 227 3525 24
245 3479 335 3524 ταῦτα
353 3468 406 3526 οὖν
423 3472 477 3525 BR
498 3472 602 3542 ταύτης
619 3467 671 3526 οάν
690 3471 718 3525 G.
738 3503 774 3511 —-
793 3477 826 3526 λθ
840 3471 876 3526 τά
893 3488 944 3526 om.
961 3470 1047 3524 ANV.

265 3599 281 3647 2
296 3593 389 3662 δήπου
403 3595 433 3648 Ρ.
447 3627 481 3635 -
498 3601 531 3650 18
546 3596 649 3665 ἔγκονα
662 3595 692 3648 Ρ.
708 3627 742 3636 -
758 3601 791 3649 19
806 3594 842 3664 μή
857 3611 908 3650 σοι.
922 3594 952 3648 P.
969 3625 1002 3636 —
1020 3600 1053 3650 23
1068 3597 1167 3664 φαῦλα
1181 3595 1216 3650 Ρ.
