2617 3909
204 1026 488 1105 ΠΡΟΛΟΓΟΣ
518 1029 790 1105 ΧΡΟΝΠίΗΣ
818 1030 1057 1106 ΙΣΤΟΡλΑΣ

355 1153 613 1229 ΓΕΩΡΓΙΟΤ
642 1153 906 1230 ΜΟΝΑΧΟΤ.

192 1315 304 1377 Πολλοί
327 1313 380 1395 μὲν
402 1326 462 1378 τῶν
485 1316 539 1390 ἔξω
560 1316 713 1397 φιλόλογοι
730 1315 780 1377 καὶ
797 1317 978 1398 λογογράφοι
996 1317 1138 1397 ἱστορικοί
1149 1328 1162 1370 1
1175 1326 1207 1366 1

127 1438 154 1475 τε
177 1412 225 1475 καὶ
251 1413 371 1492 ποιηταί
394 1413 444 1475 καὶ
466 1413 667 1496 χρονογράφοι
688 1412 740 1487 τὰς
762 1423 821 1475 τῶν
843 1412 972 1496 ἀρχαίων
994 1413 1138 1495 βασιλέων

126 1511 175 1573 καὶ
199 1513 353 1572 δυναστῶν
376 1511 426 1573 καλ
448 1511 500 1584 τὰς
522 1510 670 1574 ἀνέκαθεν
693 1511 868 1592 φιλοσόφων
890 1512 940 1575 καὶ
957 1512 1091 1594 ρητόρων
1109 1536 1138 1574 τε

127 1609 176 1671 καί
203 1619 263 1671 τῶν
290 1604 335 1670 ἐπ’
361 1609 517 1695 εόγλωττίγ
544 1610 593 1671 καλ
620 1612 765 1690 δεινότητι
792 1611 887 1693 λόγων
913 1610 963 1672 καλ
991 1613 1139 1697 στωμυλίμ

129 1705 409 1787 διαθρυλλουμίνων
430 1707 548 1787 πράξεις
566 1708 617 1769 καὶ
634 1709 733 1791 ῥήσεις
752 1707 801 1769 καί
820 1708 918 1788 μέντοι
936 1708 1055 1771 καὶτὸν
1073 1709 1165 1790 τρό-τ

128 1826 186 1865 πον
214 1803 306 1865 ἐνίοτε
330 1813 382 1884 τής
405 1804 517 1867 τούτων
540 1804 729 1887 άποβιώσεως
752 1802 792 1867 δι’
813 1806 983 1888 δημηγορίας
1004 1806 1055 1868 καλ
1077 1807 1139 1892 ἐπι-

129 1903 237 1975 τάσεως
266 1901 356 1983 λόγου
385 1903 619 1984 συγγεγραφότες
634 1904 704 1965 ὀὐκ
730 1902 859 1984 εδληπτά
886 1928 915 1966 τε
942 1904 992 1965 καλ
1018 1904 1139 1966 εὐκατά-

129 2004 223 2079 ληπτα
250 1997 300 2059 καλ
327 1998 448 2081 εὐκρινῆ
477 2006 537 2074 τοῖς
564 2005 683 2073 πολλοῖς
709 2002 761 2075 τὰς
784 2003 980 2084 πραγματείας
1002 1995 1074 2064 ἱόίτε
1098 1998 1137 2063 δι’

129 2096 269 2171 ἐπίδειξιν
287 2096 336 2157 καί
354 2096 461 2176 κρότον
478 2091 544 2159 ἔσθ’
562 2098 608 2161 ότε
624 2098 673 2160 καὶ
687 2098 851 2181 ἀνάρρησιν
865 2110 950 2162 τοῦτο
964 2101 1140 2183 δεδράκασιν

129 2195 235 2273 ήκιστα
252 2196 478 2275 πεφροντικότες
494 2195 529 2256 τὰ
543 2206 595 2275 τής
608 2196 751 2276 ἀληθείας
765 2199 896 2279 δόγματα
909 2197 959 2259 καί
973 2197 1140 2279 διηγήματα
1154 2218 1181 2259 ιο

129 2292 180 2353 καὶ
197 2292 372 2374 ἀνθρώποις
390 2290 531 2373 ὠφέλιμα.
564 2291 649 2374 ήμεῑς
668 2292 700 2357 δὲ
714 2295 838 2375 πάμπαν
853 2298 884 2358 οἱ
895 2306 954 2358 τῶν
967 2296 1055 2358 ἔνδον
1068 2293 1141 2355 σἰνά-

131 2391 187 2463 ξωι
206 2391 309 2452 δοῦλοι
326 2400 385 2450 τῶν
401 2392 517 2454 δούλων
531 2402 584 2454 τοῦ
598 2394 704 2473 κυρίου
718 2390 804 2472 ήμῶν
815 2387 914 2473 Ἰησοῦ
928 2397 1058 2474 Χριστοῦ
1071 2391 1142 2473 ἀμέ-

131 2511 209 2569 τοχοι
232 2498 285 2568 τῆς
307 2497 366 2548 τῶν
386 2488 441 2563 ἔξω
459 2491 653 2571 φυσιολογίας
670 2489 721 2552 καὶ
738 2492 921 2572 τεχνολογίαις
939 2490 968 2567 ἐξ
986 2490 1142 2574 διαμέτρου

131 2585 267 2659 πέλοντες
290 2584 325 2647 οὐ
349 2586 442 2665 μόνον
460 2582 643 2667 Ἑλληνικῶν
663 2586 714 2648 καὶ
731 2594 865 2649 παλαιῶν
884 2590 1048 2670 ἱστορικῶν,
1071 2587 1143 2649 άλλδι

132 2682 180 2743 καὶ
203 2682 280 2744 νέων
300 2681 351 2743 καί
369 2683 444 2745 πολὺ
463 2683 710 2767 μεταγενεστέρων
727 2684 778 2746 καλ
796 2696 1007 2766 σεμνοπρεπῶν
1024 2685 1143 2769 ἀνδρῶν
1157 2708 1182 2749 (σ

133 2780 291 2862 ἐλλογίμων
318 2779 468 2862 ἐξηγήσεις
495 2780 545 2842 καί
571 2784 789 2864 χρονογραφίας
816 2784 945 2865 ἱστορίας
971 2807 1000 2845 τε
1026 2782 1076 2844 καλ
1098 2784 1143 2843 δι-

188 2969 248 3094 ὲΒε
266 2971 353 3024 υανδῶ
367 2970 505 3095 ὦτοοεικιλ
527 2970 752 3061 ἱρεαιμῶοκῶνε
775 2973 871 3027 δίκε·
859 2988 891 3025 ικ
906 2973 1089 3042 μνοιῖαλλωιι.
1109 3002 1142 3011 -

168 3037 218 3108 μὲν
237 3056 287 3095 om.
308 3039 364 3093 c’L

134 3044 187 3164 ἱόμ
165 3130 232 3180 γους
250 3110 276 3163 Η
298 3111 345 3166 sed
362 3131 395 3175 νς
418 3129 453 3165 m
468 3115 536 3166 κω
554 3114 610 3169 loco
628 3115 805 3169 ιυοκὶδοω
824 3115 876 3171 οίιιι
894 3115 1015 3185 εὔληπτα
1018 3064 1082 3167 γκαλ
1100 3114 1144 3169 εό-

134 3132 227 3235 κατάλ.
247 3201 277 3237 τε
299 3183 348 3237 καλ
370 3183 484 3251 εὐκρινῆ
503 3182 537 3237 0¹
559 3185 610 3239 οὐκ
629 3184 781 3253 εὐλήπτους
802 3187 851 3241 καὶ
874 3135 1098 3252 εὐκαταλήπτους
1114 3204 1144 3239 τε

134 3254 181 3307 καὶ
204 3254 253 3307 εόιι
254 3252 451 3321 ρνν.-εῑςλ7
479 3258 496 3306 8
524 3254 744 3326 ἀπίλιπονμοεδ
764 3276 802 3325 πρ
753 3278 840 3384 ραγ
879 3254 988 3319 τείας
976 3273 1144 3359 ικοεεγτο

132 3325 211 3392 ponit
224 3324 345 3379 Mur.-
364 3322 534 3390 9ἐπίδειξίν
547 3346 576 3381 τε
589 3328 639 3382 καὶ
652 3264 744 3381 Nm
849 3347 879 3383 τε
891 3274 1144 3389 ποιονντεςΙι

137 3400 169 3447 10
188 3412 323 3465 πεφροντ.
346 3404 402 3451 τῶν
426 3415 449 3450 τ.
474 3396 515 3451 ἀλ.
539 3398 686 3469 δογμάτων
713 3400 762 3454 καὶ
785 3397 962 3489 διηγημάτων
988 3398 1037 3452 καλ
1059 3399 1143 3489 άγδρ.

136 3464 282 3535 ὠφελίμων
305 3465 367 3520 L¹V
393 3485 526 3537 πεφροντ.
546 3476 594 3537 τής
562 3470 704 3539 ήάληδ.
728 3470 874 3540 δογμάτων
897 3471 946 3523 καὶ
968 3469 1145 3540 διηγημάτων

136 3538 183 3593 καὶ
197 3539 282 3607 άνθρ.
298 3536 422 3607 ὠφέλιμα
436 3541 459 3608 (-
460 3558 518 3608 ημα
531 3539 668 3610 plerique)
682 3541 764 3594 R.-
782 3548 816 3595 16
831 3539 972 3609 ἐξηγήσεσι
985 3543 1034 3595 καλ
1047 3559 1144 3609 χρονο-

136 3606 271 3677 γραφίαις
289 3606 423 3678 ἱστορίαις
440 3629 470 3663 τε
488 3612 537 3664 καὶ
554 3609 749 3673 διδασκαλίαις
765 3609 960 3682 ψνγωφελίσιν
978 3610 1000 3664 L
1004 3609 1047 3664 V

191 3706 264 3747 Geor
233 3708 719 3759 ‹nuorxeugisMathdAdeL
971 3703 985 3751 1

493 3045 509 3093 3
528 3039 578 3104 τὰς
599 3051 655 3098 τῶν
678 3042 821 3098 ἀνέκαθεν
839 3042 932 3097 V.-
952 3049 966 3096 ἱ
985 3042 1074 3112 λόγων
1092 3041 1144 3095 VR
