2617 3909
182 232 249 282 :xiv
597 197 799 282 omuino
818 230 821 234 ·

185 400 214 456 p.
236 380 349 455 643,’5
374 378 579 460 φοβερώτατος
602 386 646 421 -“
662 380 736 455 659,
751 379 795 438 20
816 375 1030 459 ἕαληροφόρει,
1052 379 1129 439 folia
1152 382 1210 440 sci·

184 470 257 529 licet
279 469 412 546 quinque
435 467 658 528 interciderunt
704 468 750 527 Ex
770 468 819 527 his
842 467 935 526 trium
956 468 1109 546 margines
1131 468 1210 529 inte·

178 561 277 619 ¹riores
292 561 353 618 suis
372 558 446 619 loeis
461 560 629 634 supersunt,
647 558 714 617 folii
734 558 834 635 quinti
851 576 957 635 margo
974 559 1102 617 interior
1114 575 1210 635 prave

186 651 255 724 post
278 648 386 708 folium
406 649 447 706 77
471 648 585 709 inserta
608 649 663 721 est,
686 666 777 724 quem
799 646 906 706 folium
925 646 1065 723 quintum
1082 666 1210 708 numero

187 738 227 795 78
255 737 434 814 insignitum
462 736 605 813 sequitur.
652 735 738 805 Quod
766 755 841 797 cums
864 735 1018 795 contineat
1043 738 1161 796 textum
1189 757 1209 795 a

183 846 214 902 p.
233 826 346 902 656,9
376 818 490 907 νέΙννον
522 824 684 906 γενόμενον
714 842 810 902 usque
840 825 879 884 ad
912 826 987 901 659,
1006 827 1050 884 20
1079 822 1208 907 ἐπληρο-

184 914 280 995 ψόρει,
309 935 342 974 re
365 918 437 975 vera
460 915 543 975 deest
563 917 685 982 tantum
707 916 790 975 locus
812 936 845 992 p:
862 916 937 990 643,
957 916 975 973 5
1000 914 1209 995 φοβερώτατος

182 1022 279 1081 usque
306 1003 345 1063 ad
367 1024 396 1082 p.
417 1005 491 1079 666,
511 1007 529 1064 9
558 1012 611 1064 τοῦ
639 1002 720 1065 ἰδίου
745 996 869 1085 siluros.
914 1003 1006 1064 Liber
1031 1022 1093 1064 uon
1114 1004 1208 1064 habet

183 1090 428 1171 praefationem.¹
456 1094 540 1154 Haeo
567 1097 670 1153 utrum
695 1094 844 1153 interierit
871 1093 951 1153 dum·
969 1092 1061 1153 codex
1086 1093 1209 1154 iacebat

182 1195 244 1243 uon
267 1184 491 1263 conglutinatus
515 1203 553 1244 sn
576 1202 744 1261 numquam·
764 1185 797 1241 in
815 1202 850 1243 oo
869 1182 1003 1242 exhibite
1024 1183 1127 1259 fuerit,
1144 1202 1207 1243 non

183 1272 292 1349 liquet,
325 1292 393 1333 cum
420 1276 630 1350 quaterniones
650 1292 718 1332 *non
744 1275 895 1332 numerati
923 1274 994 1332 sint.
1039 1270 1099 1342 Qui
1125 1274 1206 1333 enim

184 1365 302 1422 exstant
333 1364 564 1439 quaternionum
595 1365 712 1422 numeri
747 1364 853 1439 postea
888 1362 1008 1421 demum
1043 1378 1111 1421 cum
1142 1362 1205 1421 iam

178 1452 313 1510 ‘lacunae
334 1452 405 1511 illae
431 1452 465 1510 in
492 1452 591 1511 codice
618 1453 705 1511 erant
736 1450 831 1510 additi
856 1455 940 1511 sunt
984 1450 1103 1510 Primus
1130 1471 1206 1527 qua-

182 1542 280 1600 ternio
299 1560 366 1599 cum
384 1541 501 1618 integer
519 1542 568 1615 sit,
591 1544 645 1599 aut
662 1540 780 1599 nullum
797 1543 888 1599 antea
905 1540 1057 1616 excidisse,
1079 1542 1135 1599 aut
1152 1543 1206 1616 qui

183 1631 310 1710 forsitan
326 1632 418 1689 antea
437 1628 580 1689 exciderit
597 1648 658 1689 non
675 1629 772 1689 solum
791 1630 1019 1705 praefationem,
1041 1628 1094 1689 sed
1111 1631 1205 1689 etiam

183 1718 295 1778 πίνακα
317 1726 377 1778 τῶν
395 1718 575 1796 κεφαλαίων,
598 1718 677 1778 sicut
698 1718 752 1777 elii
771 1719 887 1780 codices
909 1717 991 1777 haud
1010 1720 1111 1795 pauci,
1128 1736 1205 1779 eom

182 1808 308 1867 tinuisse
331 1806 409 1868 effici
427 1809 535 1885 potest.
572 1808 683 1867 Testes
701 1809 927 1885 inscriptionem
946 1814 1007 1868 non
1029 1807 1129 1882 habet,
1151 1808 1205 1868 sed

183 1899 253 1957 ante
281 1915 349 1956 eum
375 1897 470 1957 trium
497 1915 637 1957 versuum
665 1899 798 1973 spatium
824 1916 953 1958 vacuum
980 1898 1122 1957 relictum
1149 1900 1205 1973 est,

182 1987 235 2063 ubi
256 1986 312 2045 illa
334 1988 574 2063 praeponeretur.
615 1986 721 2062 Neque
738 1989 840 2046 tamen
862 1986 1004 2060 librarius
1027 2005 1095 2047 eam
1116 2004 1205 2061 prue-

173 2077 292 2155 ⁴posuit.
338 2076 431 2151 Eradi
459 2095 525 2135 eam
551 2076 685 2152 potuisse
714 2076 956 2136 Montfauconius
977 2075 1056 2136 Bibl.
1081 2073 1203 2135 Goislin.

181 2186 210 2243 p.
230 2167 295 2225 425
312 2184 456 2242 perverse
474 2166 609 2225 coniecit
650 2165 722 2225 Alia
738 2184 830 2224 manu
847 2168 948 2225 vetere
970 2165 1081 2225 litteris
1098 2167 1203 2240 uncia,-

177 2254 261 2329 ‚libus
289 2257 523 2334 superscriptum
546 2257 591 2315 est
614 2246 703 2333 Ἀρχὴ
727 2252 785 2313 σὺν
811 2259 874 2338 θεῷ
891 2262 945 2333 τῆς
967 2251 1118 2334 γενέσεως,
1140 2254 1203 2313 alia

173 2344 386 2422 ¹recentissima.
404 2343 517 2424 ἱστορία
535 2342 678 2425 γεωργίαν
697 2350 837 2423 μαναχοῦ.
870 2343 953 2414 Quae
970 2346 1004 2403 in
1022 2343 1203 2420 quibusdam
1292 2395 1293 2414 2

181 2432 266 2493 libris
298 2436 396 2493 exstat
421 2453 450 2510 p.
471 2434 523 2508 43,
544 2437 582 2492 11
617 2432 747 2493 secunda
778 2432 934 2510 inscriptio
958 2434 1060 2509 deest,
1092 2450 1203 2492 novam
1292 2451 1293 2512 q

176 2522 313 2583 :chronici
339 2524 457 2600 partem
483 2523 615 2600 incipere
641 2522 784 2582 librarius
805 2542 884 2582 novo
905 2525 1032 2582 tuntum⁴
1055 2540 1143 2581 versu
1171 2524 1203 2593 et
1292 2519 1293 2526 ’

181 2612 301 2671 maiore
317 2611 437 2671 litterae
454 2612 582 2672 initialis
594 2612 698 2671 ⁴formu
719 2609 842 2671 indicat
879 2611 915 2670 In
933 2611 992 2672 fine
1015 2610 1146 2670 chronici
1164 2611 1202 2669 de
1292 2609 1293 2630 ³

181 2700 336 2762 Michaelis
358 2700 406 2759 ΠΙ
437 2705 468 2760 et
500 2700 673 2762 Theodorus
703 2700 830 2777 imperio
862 2702 970 2780 agitur.
1025 2700 1062 2759 In
1094 2701 1201 2760 ultimo
1292 2767 1293 2774 χ

180 2791 280 2849 textus
316 2796 417 2865 versu,
452 2792 508 2866 ¹qui
539 2790 671 2866 syllabas
703 2807 822 2871 -σταρος
854 2783 897 2872 (p.
921 2791 1000 2865 803,
1014 2781 1084 2878 ,26)
1121 2790 1201 2849 solas

176 2880 316 2939 continet
344 2882 512 2939 atramento
539 2878 637 2939 rubro
655 2878 860 2957 subscriptum
887 2883 934 2939 est
959 2876 1041 2951 τέλος
1067 2876 1202 2938 ἐνταῦθα

176 2976 235 3029 ,τοῦ
258 2976 407 3049 χρανικοῦ.
454 2968 596 3045 Sequitur
616 2969 722 3028 mundi
744 2972 879 3028 aetatum
902 2970 1087 3045 conspectus,
1114 2970 1200 3027 cuius
1292 2993 1293 3012 2

172 3060 272 3134 primi
298 3057 383 3119 verbi
410 3057 552 3118 Γίνονται
581 3058 671 3118 litere
701 3058 828 3117 initialis
859 3061 926 3135 ipss
958 3076 1077 3135 quoque
1108 3058 1200 3117 rubro
1292 3057 1293 3082 ⁴

182 3150 350 3208 atramento
365 3149 477 3224 scripta
495 3150 548 3207 est.
585 3148 669 3221 Talis
682 3150 850 3207 [atramenti
863 3148 946 3207 color
964 3166 1032 3206 oum
1048 3149 1082 3205 in
1100 3146 1201 3206 codice

172 3235 255 3296 ¹alibi
272 3256 332 3296 non
345 3238 517 3309 inveniatur
535 3238 566 3297 et
579 3237 828 3313 subscriptionem
847 3239 878 3296 et
891 3239 1083 3313 conspectum
1094 3237 1201 3312 postea
1292 3301 1293 3304 ,

175 3325 319 3385 additum
346 3344 407 3387 esse
434 3327 523 3387 facile
551 3328 661 3402 aliquis
689 3328 856 3386 coniecerit.
883 3325 962 3386 'Sed
989 3345 1085 3400 neque
1109 3324 1200 3382 aliam

177 3415 329 3492 scriptura
351 3417 483 3475 ostendit
505 3434 637 3489 manum,
660 3418 692 3475 et
712 3416 793 3475 idem
810 3418 985 3491 conspectus
1007 3417 1040 3474 iu
1061 3414 1132 3473 aliis
1155 3413 1199 3472 di·
1292 3463 1293 3468 ,

43 3462 45 3466 Ι
171 3513 284 3580 uersae
301 3506 404 3581 stirpis
422 3505 509 3576 libris
524 3506 686 3564 inuenitur.
728 3504 887 3563 Muruuus
904 3504 986 3578 quod
1002 3522 1021 3562 -e
1039 3506 1200 3579 conspeetu
1292 3549 1293 3572 2

172 3598 279 3653 :rerum
292 3593 502 3655 {inelironioo
518 3597 717 3667 narratarum,
748 3612 836 3668 quem
860 3591 1004 3670 Georgius
1026 3592 1059 3649 in'
1081 3592 1199 3667 praefa-
1292 3671 1293 3674 Ἴ
