2617 3909
176 241 241 307 242
490 243 675 295 ΓΕΩΡΓΙΟΤ
693 242 876 294 MONAXOT

176 391 240 472 ἐμοὶ
267 391 317 454 καλ
344 392 405 471 σοί,
434 391 555 471 βασιλεῦ
577 399 630 470 τής
654 384 815 464 Ἰουδαίας;
844 388 911 470 οάχλ
936 389 1012 471 πρὸς
1034 387 1067 452 σὲ
1088 389 1196 463 ἐξαπέ-

176 495 299 570 σταλμαι
325 488 386 551 ὑπὸ
413 490 519 573 κυρίου
546 497 600 550 τοῦ
627 493 704 548 θεοῦ
729 497 853 567 ποιήσαι
879 487 1024 568 πόλεμον,
1053 483 1118 549 ἀλλ’
1144 487 1194 550 ἐπὶ

176 598 229 651 τοῦ
251 587 425 669 Εὐφράτου.
461 585 512 648 καλ
533 595 592 648 νῦν
614 586 716 658 κύριος
739 579 800 665 μετ’
823 584 897 664 ἐμοῦ
915 584 1002 647 ἐστιν.
1038 584 1194 666 ἀπόστηθι

176 685 226 748 καλ
249 687 289 766 μή
312 684 449 747 ἐναντιοῦ
471 691 510 768 τῷ
529 685 633 770 κυρίῳ.
669 682 719 744 καλ
742 682 798 744 οὐκ
820 681 1001 764 ἀπέστρεψεν
1024 681 1077 745 ἀπ’
1097 685 1194 746 αὐτοῦ

151 779 297 862 σἸωσίας,
318 781 391 844 ἀλλὰ
413 788 551 862 πολεμεῖν
577 781 671 846 αιἰτὸν
698 781 881 862 ἐπεχείρησεν
904 781 940 844 οά
962 782 1116 863 προσέχων
1139 783 1194 865 βή-

178 898 267 963 μασιν
280 876 420 964 Ἱερεμίου
437 889 491 943 τοῦ
509 879 667 962 προφήτου
685 884 844 952 λαλοῦντος
862 878 895 941 ἐκ
912 879 1054 959 στόματος
1073 883 1195 963 κυρίου,

177 979 227 1041 καλ
258 980 454 1060 συνεστήσατο
486 979 560 1061 πρὸς
592 977 685 1040 αὐτὸν
710 977 840 1056 πόλεμον
867 977 900 1039 ἐν
927 984 967 1062 τῷ
990 978 1083 1060 πεδίῳ
1111 978 1195 1060 παρὰ

178 1079 300 1160 γνώμην
331 1083 407 1140 θεοῦ
438 1075 488 1138 καλ
514 1074 665 1150 τοξευθεὶς
691 1073 750 1136 ὑπὸ
777 1085 838 1136 τῶν
864 1077 1012 1155 πολεμίων
1039 1070 1103 1137 εἶπε
1131 1083 1195 1151 τοῖς

177 1175 280 1238 παισίν
315 1174 420 1237 αὐτοῦ·
457 1172 607 1256 ἐξαγάγετέ
643 1196 693 1254 με,
726 1171 770 1234 ὅτι
806 1172 931 1236 ἐπάνεσα
968 1174 1094 1256 σφόδρα.
1141 1174 1194 1236 καλ

139 1296 165 1336 ιο
179 1272 292 1346 εὐθέως
313 1270 555 1353 ὑποστρέψαντος
578 1270 672 1333 αὐτοῦ
698 1271 741 1344 εἰς
760 1264 950 1352 Ἰερουσαλήμ
976 1271 1100 1334 παλτὸν
1125 1273 1196 1352 βίον

79 1387 119 1426 1⁷³
132 1385 163 1425 Μ.
180 1371 421 1452 μεταλλάξαντος,
448 1368 561 1452 ἐγένετο
587 1367 704 1442 πένθος
728 1367 801 1450 μέγα
824 1368 899 1430 κατὰ
920 1379 1019 1430 πᾶσαν
1041 1370 1097 1449 τήν
1118 1362 1195 1432 'Iov-

179 1471 282 1549 δαίαν,
313 1467 363 1530 καλ
395 1472 506 1548 μᾶλλον
528 1462 667 1548 Ἱερεμίας
696 1465 863 1547 ἐθρήνησεν
890 1465 965 1548 ὑπὲρ
989 1462 1113 1529 Ἰωσίου.
1159 1464 1195 1541 ὃς

180 1567 362 1640 δικαιότατος
384 1563 458 1646 ὑπέρ
481 1565 551 1638 τοὺς
575 1564 745 1646 ἔμπροσθεν
767 1563 861 1626 αὐτοῦ
883 1567 1011 1646 βασιλεῖς
1033 1565 1196 1646 γενόμενος

179 1663 229 1725 καλ
260 1662 312 1724 τὸν
342 1664 437 1742 νόμον
468 1664 574 1744 κυρίου
601 1661 878 1745 ἀναγινωσκόμενου
905 1662 1035 1745 ἀκριβῶς
1061 1663 1195 1737 ἀκούσας
1240 1651 1243 1656 ’

140 1783 166 1824 ιο
180 1760 230 1823 καλ
252 1763 319 1822 λίαν
341 1758 518 1841 ἀθυμήσας,
542 1760 629 1834 εἰδὼς
650 1771 757 1822 τοῦτον
779 1759 812 1822 ἐν
834 1763 985 1835 τοσούτοις
1006 1761 1083 1823 ἔτεσι
1103 1786 1195 1823 κατα-

179 1860 379 1940 πατούμενον,
412 1858 448 1920 τά
480 1859 579 1939 ἱμάτια
611 1859 771 1941 διαρρήξας
797 1858 848 1920 καλ
875 1859 1007 1939 ἔμφοβος
1034 1859 1195 1941 γενόμενος

179 1957 326 2021 ἀπέστειλε
348 1957 423 2040 πρὸς
443 1952 550 2019 Ὀλδάν
572 1958 627 2038 τήν
649 1967 800 2038 προφῆτιν
820 1957 1051 2037 πυνθανόμενος
1073 1960 1104 2019 τί
1120 1959 1194 2039 βοά-

180 2061 257 2118 λεται
279 2056 381 2138 κύριος
404 2054 471 2136 περὶ
494 2054 589 2117 αὐτοῦ
606 2054 657 2116 καλ
677 2054 787 2128 παντὸς
805 2063 858 2117 τοῦ
876 2060 958 2117 λαοῦ.
994 2052 1014 2134 ή
1034 2055 1067 2117 δέ
1085 2073 1195 2135 φησιν·

180 2155 247 2216 τάδε
274 2153 350 2235 λέγει
378 2153 493 2236 κύριος’
518 2148 591 2214 ἀνθ’
617 2145 660 2214 ὧν
687 2150 850 2232 ήπαλύνθη
878 2170 933 2214 σου
960 2150 980 2231 ή
1008 2154 1116 2234 καρδία
1144 2153 1196 2216 καλ

141 2275 167 2314 ιο
181 2251 339 2335 ἐνετράπης
362 2250 421 2313 ἀπὸ
444 2251 606 2333 προσώπου
629 2273 699 2330 μου,
722 2249 762 2324 ὡς
783 2248 916 2330 ήκουσας
939 2251 983 2312 ὅτι
1001 2250 1128 2331 ἐλάλησα
1146 2251 1195 2314 ἐπὶ

181 2351 232 2412 τὸν
255 2349 346 2411 τόπον
368 2357 474 2410 τοῦτον
496 2346 546 2410 καλ
569 2347 617 2408 ἐπὶ
639 2347 709 2421 τοὺς
727 2347 917 2420 ἐνοικοῦντας
937 2347 1028 2409 αὐτὸν
1047 2358 1099 2410 τοῦ
1117 2344 1195 2411 εἶναι

181 2449 223 2521 είς
255 2445 426 2526 ἀφανισμὸν
453 2445 504 2508 καλ
530 2446 572 2520 είς
599 2446 745 2527 κατάραν,
772 2445 822 2507 καλ
850 2444 1004 2528 διέρρηξας
1030 2446 1066 2506 τά
1093 2448 1196 2526 ίμάτιά

182 2564 237 2608 σου
260 2544 310 2606 καλ
332 2544 476 2618 ἔκλαυσας
503 2542 631 2606 ἐνώπιόν
654 2566 727 2624 μου,
758 2543 825 2605 ἰδοὺ
850 2544 1035 2625 προστίθημί
1060 2562 1092 2606 σε
1118 2545 1196 2626 πρὸς
1290 2554 1291 2579 ¹

182 2642 251 2717 τοὺς
273 2641 398 2724 πατέρας
426 2660 482 2704 σου
509 2641 542 2703 ἐν
568 2641 688 2726 εἰρήνη,
716 2641 766 2703 καλ
793 2641 849 2703 οὐκ
871 2639 941 2719 ὄψει
963 2651 1036 2702 πᾶσι
1058 2648 1121 2716 τοῖς
1142 2666 1196 2726 καῂ

254 2840 806 2910 19-p.243‚11vRegg.22‚1ssqq.

256 3025 269 3074 1
290 3018 457 3091 βασιλεῦςΡ
481 3019 608 3110 βασιλεὺς
626 3016 735 3072 CF.—
757 3017 918 3088 ἀπέσταλμα
920 3017 1035 3072 ιΝ-
1060 3024 1093 3072 12
1113 3013 1199 3082 οὗτος
1288 3078 1289 3081 ,

183 3089 236 3161 γὰρ
260 3088 516 3152 δικαιότατοςΡ“
503 3111 534 3153 ος
552 3087 594 3159 (ὃς
612 3106 663 3144 om.
682 3091 717 3159 G)
735 3091 784 3144 καλ
802 3091 856 3144 δικ.
875 3039 935 3143 rell
950 3096 1062 3158 praeter
1080 3089 1135 3143 ΑΡ.
1159 3123 1195 3130 -
1288 3090 1289 3097 ’

185 3168 218 3217 14
238 3162 347 3251 άναγιν.
363 3160 486 3224 ἀκούσας
504 3162 625 3233 ἀκριβῶς
643 3160 700 3214 DH
718 3161 762 3214 ἀκ.
781 3161 920 3231 άναγιν’
905 3181 966 3229 ακρ
950 3107 1072 3215 ΡΥΜ-
1093 3166 1126 3214 16
1145 3163 1197 3216 καλ

183 3233 218 3288 τὰ
237 3231 333 3357 ἱμάτια
351 3232 467 3286 ΒΡ.-
492 3237 525 3285 17
545 3231 630 3287 ὀλδᾶν
648 3231 725 3285 ARV
747 3238 772 3286 et
795 3231 898 3286 Suidae
921 3231 1000 3285 codd
1020 3232 1196 3287 nonnulliv

181 3300 243 3357 Ἰωσ
256 3324 290 3365 ας
326 3303 532 3393 οβλδδινΙι.-
555 3302 606 3371 τὴν
629 3302 810 3371 προφήτινΙι
832 3302 884 3373 τήν
906 3303 1053 3393 προφήτην
1067 3302 1196 3358 AODFP

184 3374 233 3427 τὸν
251 3373 398 3442 προφήτην
417 3373 509 3427 HMR
529 3379 554 3428 et
572 3373 647 3426 Suid.
669 3373 748 3427 codd
768 3373 945 3441 quidamoe-
970 3380 1002 3428 18
1022 3373 1197 3445 fflhBHM

185 3449 210 3498 et
228 3443 330 3497 saidae
350 3444 429 3498 codd.
444 3443 634 3499 nonnullia—
653 3450 686 3497 21
707 3444 790 3500 ἐνοικ.
811 3442 855 3499 ἐπ’
872 3446 959 3500 αὐτὸν
977 3445 1034 3498 BF.

258 3621 273 3667 9
293 3619 379 3672 αὐτοῦ
398 3635 448 3673 om.
463 3619 493 3671 P.
513 3650 546 3658 -
567 3625 599 3672 13
619 3621 707 3675 αὐτοῦ
724 3637 775 3675 om.
790 3621 819 3674 P.
840 3653 873 3664 -—
894 3629 927 3676 16
946 3623 1066 3695 ἐνφοβος
1083 3623 1114 3676 Ρ.
