2617 3909
513 224 702 304 Χεοααςοα
870 296 881 317 Ι
1051 223 1117 286 223

103 381 163 432 τῶν
182 371 267 438 ἰδίων
289 370 400 432 τέκνων
423 370 642 453 ἀναιρεθέντος,
666 369 786 451 ἐπαύθη
809 379 862 450 τής
880 369 1116 451 αίχμαλωσίαςή

30 500 34 506 -
103 467 207 544 άδικος
231 469 331 550 σφαγή
355 468 406 532 διὰ
427 479 480 551 τῆς
503 469 622 534 ἐνδίκου
645 466 830 550 ἀναιρέσεως.

167 563 216 646 Ἐξ
239 560 276 647 ής
298 568 496 650 αἰχμαλωσίας
518 565 631 648 ὑπῆρχέ
658 589 703 638 τις
730 564 860 645 ἐλεήμων
883 564 1045 648 άνθρωπος
1067 566 1117 628 καὶ

102 665 248 746 θεοσεβὴς
270 662 402 744 τοόνομα
429 664 524 746 Τωβίτ
545 663 595 725 καὶ
623 663 737 743 πολλήν
764 663 838 744 ἔχων
860 665 1001 745 σπουδήν·
1019 664 1062 739 είς
1083 665 1117 727 τό
1209 700 1211 705 ·

103 762 232 823 θάπτειν
254 762 323 836 τοὺς
346 761 595 842 ἀποθνήσκοντας
618 772 678 846 τῶν
698 757 860 823 Ἰουδαίαν.
897 761 964 844 περὶ
987 755 1030 824 ὧν
1053 763 1117 824 δια·
1145 784 1157 824 5

101 858 228 939 βληθείς
252 865 291 944 τῷ
316 862 434 939 βασιλεῖ
455 860 505 922 καὶ
532 860 640 942 φυγὼν
666 859 815 940 ἐκοιμήθη
844 859 898 933 ἐξω
921 870 974 922 τοῦ
997 861 1116 942 τείχους.

101 954 153 1018 καὶ
184 955 224 1030 ὡς
258 958 347 1019 εἴωθε
383 959 523 1032 πολλάκις
554 959 707 1039 γίνεσθαι,
743 957 926 1037 κοιμώμενος
962 957 1012 1019 καί
1048 957 1118 1032 τοὺς

102 1051 282 1134 ὀφθαλμοὺς
300 1053 504 1139 ἀνεῳγμένους
522 1055 606 1136 έχων,
629 1053 679 1116 καί
698 1055 868 1136 στρουθίων
886 1053 1118 1134 ἀφοδευσάντων
1149 1086 1151 1089 ·

100 1151 145 1224 είς
172 1153 242 1226 τοὺς
269 1150 447 1233 ὀφθαλμοὺς
475 1153 581 1234 αὐτοῦ,
609 1153 781 1233 λευκώματα
808 1153 977 1232 πεποίηκεν.
1022 1144 1062 1233 ήν
1085 1151 1117 1214 δέ

100 1248 153 1310 καί
175 1249 208 1311 ἐν
228 1245 422 1331 Ἐκβατάνοις
444 1250 529 1333 κόρη,
554 1250 690 1333 συγγενίς
707 1251 811 1331 αὐτοῦ,
833 1251 899 1330 ήτις
916 1248 1028 1333 ἀνδρας
1046 1249 1118 1333 ἑπτὰ
1132 1273 1158 1331 ιο

100 1350 245 1430 λαβοῦσα,
264 1347 314 1410 καλ
327 1349 447 1412 πάντων
466 1349 565 1411 αὐτῶν
583 1347 642 1410 ὑπὸ
657 1350 799 1429 δαίμονος
817 1346 1041 1429 ἀναιρουμένων
1059 1347 1117 1428 πρό

101 1455 156 1508 τοῦ
168 1455 291 1528 γνῶναι
313 1447 434 1528 ταύτην,
457 1445 577 1528 ηίίξατο,
600 1445 651 1508 καί
674 1445 840 1508 ἀπέστειλεν
864 1447 939 1531 αὐτῇ
963 1443 1116 1526 βοηθὸνδ

100 1544 175 1617 θεὸς
201 1545 253 1607 τόν
280 1543 404 1628 άγγελον
427 1537 565 1624 Ῥαφαήλ.
611 1536 708 1606 δοάν
738 1543 833 1625 Τωβλτ
862 1545 1059 1626 παραγγείλας
1081 1550 1120 1628 τῷ
1167 1617 1169 1619 ¹

100 1644 159 1728 υἱῷ
179 1641 271 1708 αὐτοῦ
298 1644 397 1727 Τωβία
420 1642 461 1722 μή
489 1645 590 1723 λαβεῖν
612 1641 777 1724 ἀλλαχόθεν
803 1648 946 1725 γυναῖκα,
960 1643 1001 1717 Ιεί
1021 1641 1062 1722 μή
1085 1640 1118 1702 ἐκ

101 1750 157 1821 τῆς
180 1746 279 1821 φυλῆς
301 1739 351 1802 καὶ
374 1750 427 1802 τοῦ
449 1740 556 1823 γένους
579 1740 673 1802 αὐτοῦ
696 1740 769 1802 κατὰ
792 1741 843 1803 τὸν
866 1739 972 1820 νόμον,
995 1740 1118 1801 δίδωσιν
1132 1762 1157 1802 ιι

100 1838 183 1924 αὐτῷ
206 1837 402 1921 χειρόγραφον
426 1838 492 1920 περὶ
520 1840 670 1901 ταλάντων
693 1836 719 1899 ι’
741 1841 879 1920 χρυσίου,
909 1836 929 1898 δι
956 1837 1006 1898 καλ
1028 1835 1117 1918 παρέ·

101 1943 175 1998 θετο
196 1935 228 1997 ἐν
247 1945 282 2021 τῇ
303 1937 437 2021 Μηδείᾳ,
460 1937 535 2019 πρὸς
557 1936 589 1997 τὸ
608 1935 751 1998 ἀπελθεῖν
773 1936 823 1997 κἀί
845 1938 946 2017 λαβεῖν
969 1934 1045 1996 αὐτὰ
1068 1934 1118 1995 διὰ

100 2035 216 2118 τάχους.
262 2043 314 2095 τοῦ
347 2031 380 2096 δὲ
411 2035 518 2108 παιδὸς
550 2037 709 2114 ζητοῦντος
741 2033 959 2115 συνοδοιπόρον
991 2031 1032 2105 ὥς
1062 2031 1118 2111 τήν

100 2131 175 2206 ὁδὸν
203 2130 393 2214 ἀγνοοῦντος,
421 2131 548 2213 εὑρίσκει
563 2138 651 2206 ,θεοῦ
678 2132 805 2216 προνοίᾳ
834 2130 886 2192 τὸν
913 2127 1035 2213 άγγελον
1055 2123 1117 2190 Ῥα-

101 2230 186 2310 φαήλ
208 2227 248 2304 ὡς
271 2228 435 2312 ἀνθρωπον
458 2228 574 2291 ἑστῶτα.
620 2226 656 2292 δν
680 2228 907 2309 μισθωσάμενος
929 2226 1040 2289 εἰδέναι
1062 2227 1158 2315 τήνερ

101 2327 176 2391 ὁδὸν
203 2326 323 2409 λέγοντα
350 2327 400 2389 καί
420 2322 556 2409 Ἀζαρίαν
584 2325 802 2407 ὀνομαζόμενον
834 2325 988 2389 συνοδεύει
1015 2325 1116 2410 τούτῳ.

102 2424 155 2488 καὶ
179 2425 217 2505 δή
241 2426 391 2488 ἐλθόντων
418 2425 517 2488 αὐτῶν
543 2426 585 2499 εἰς
612 2424 664 2487 τὸν
686 2423 820 2504 ποταμὸν
846 2425 961 2506 Τίγριν,
987 2420 1039 2484 καὶ
1064 2430 1118 2484 τοῦ

101 2523 212 2598 παιδὸς
244 2524 429 2598 εἰσελθόντος
458 2524 639 2604 λούσασθαι,
669 2521 719 2584 καί
747 2523 854 2603 ἰχθόυς
883 2521 962 2606 αὐτῷ
990 2521 1118 2604 μεγάλου
1132 2539 1172 2578 ιω
1184 2536 1215 2576 ιε.

101 2622 357 2702 ἐπιπηδήσαντος,
393 2617 475 2700 εἶπεν
511 2622 591 2707 αὐτῷ
628 2620 644 2684 δ
676 2619 796 2703 άγγελος
833 2618 1027 2701 ἐπιλαβέσθαι
1063 2629 1117 2682 τοῦ

176 2803 258 2892 θῆκαλ
276 2802 413 2876 θεοσεβὴς
430 2819 481 2859 ουτ.
497 2803 576 2894 οοδθ.
585 2802 785 2888 γναείοεχΑΡί
803 2804 853 2886 καί
870 2819 921 2857 om.
936 2803 1018 2857 σίίαυι
1032 2803 1064 2854 Α.
1083 2833 1116 2841 -

100 2873 425 3015 κεκάθικεν
436 2873 975 3015 ἀκωκκκμκντ
993 2873 1045 2998 ιο
1065 2889 1116 2998 κ

101 3016 212 3071 BFRV.
228 3049 262 3057 —
281 3014 435 3084 στρουθίον
449 3017 613 3085 ἀφοδεῦσαν
627 3016 678 3070 ΑΒ
695 3014 848 3083 στρουθίου
862 3016 1073 3084 άφοδεόσαντος
1086 3013 1116 3067 L.

101 3119 136 3129 -
158 3092 191 3140 10
212 3087 347 3158 συγγενὴς
369 3089 426 3158 (ής
443 3087 477 3158 F)
494 3086 645 3142 AOFLMV
664 3095 689 3143 et
705 3103 775 3142 rece.
796 3086 913 3154 quidam
936 3086 1078 3154 συγγενελς
1095 3085 1117 3137 Ρ

102 3167 245 3228 συγγενεῖς
257 3159 292 3213 Η.
308 3191 341 3200 -
357 3157 427 3216 ἑπτά
441 3158 548 3227 ἄνδρας
567 3159 649 3213 codd.
659 3165 769 3228 praeter
781 3158 837 3211 ΑΡ.
854 3189 887 3197 -
908 3163 940 3210 12
960 3155 1063 3226 ηὔξατο
1082 3160 1121 3228 τῷ

100 3233 163 3304 θεῷ
181 3229 215 3284 N.
238 3263 272 3271 —
297 3237 383 3285 12.13
407 3230 422 3286 ὁ
443 3229 512 3292 θεὸς
530 3230 640 3302 βοηθόν
660 3231 730 3300 αὐτῇ
748 3229 772 3283 Β
796 3229 866 3299 αὐτῇ
885 3226 901 3282 ό
919 3228 990 3291 θεὸς
1007 3226 1117 3298 βοηθόν

100 3301 170 3355 ΗΜ.
186 3333 222 3341 -
245 3307 278 3356 15
293 3303 483 3372 φυλῆς-αυτοῦ
498 3302 609 3373 καὶτοῦ
624 3299 723 3370 γένους
737 3301 825 3355 αὐτοῦ
839 3300 936 3370 (αὐτοῦ
951 3315 1002 3354 ουτ.
1012 3298 1044 3367 L)
1058 3297 1116 3351 BIJ.

101 3405 136 3413 -
162 3377 194 3426 1‘1
214 3369 301 3448 μηδίρι
318 3371 432 3427 BODV.

175 3537 191 3585 6
211 3531 308 3602 φυγὼν
321 3532 425 3602 θάψας
437 3541 493 3587 τῶν
507 3529 719 3602 ἀναιρεθέντων
734 3529 871 3601 ἐκοιμήθη
885 3531 914 3584 Ρ.
931 3562 965 3571 -
984 3535 1001 3584 8
1020 3547 1116 3598 στρου-

99 3601 192 3659 θείων
210 3604 296 3673 ἀφοδ.
315 3603 428 3659 ἀνωθεν
447 3601 477 3660 Ρ.
580 3681 583 3688 Ι
754 3656 758 3661 .
