2617 3909
541 262 730 315 XPOMKON
1074 264 1140 329 225

125 411 252 490 Περσῶν
274 406 349 490 ύπέρ
367 419 421 488 τῆς
439 409 608 490 ἐλευθερίας
625 420 679 471 τού
697 416 771 473 λαού
788 409 1013 490 ἀνθιστάμενος.
1049 431 1140 494 προσ-

123 507 249 588 τάγματι
275 505 330 588 χδιρ
360 513 435 568 θεοῦ
463 508 517 588 τὴν
545 491 643 569 πᾶσαν
670 510 766 569 κτίσιν
793 508 977 590 διαλαχόντες
1003 510 1053 572 καί
1080 521 1140 574 τῶν

123 605 226 668 ἐθνῶν
260 611 322 678 τοῖς
357 607 521 686 κρατίστοις
553 605 775 679 ἐπιστατούντες
805 606 857 668 τόν
889 606 942 686 μέν
974 631 1039 669 τινα
1070 608 1140 682 τούς

124 702 244 785 Πέρσας
266 703 380 785 ἐφορᾶν
402 703 589 784 ἐδικαίωσεν,
616 703 669 765 τὸν
691 701 724 765 δέ
747 705 873 785 Μιχαὴλ
894 706 947 767 τὸν
969 706 1002 768 ἐκ
1024 728 1138 787 περιτο-

124 811 183 881 μῆς
215 799 288 862 λαὸν
320 807 464 884 φρουρεῖν
496 800 659 882 ἐκέλευσεν,
691 812 834 882 συστῆναι
869 801 901 864 δὲ
928 809 990 877 τοῖς
1017 804 1138 886 ἐφόροις
1166 826 1178 867 σ

122 897 216 977 ἀμφω
249 900 482 979 διαπληκτισμὸν
514 899 551 961 ού
587 898 662 960 κατὰ
692 900 793 973 πάθος
825 897 930 981 ἀρχῆς,
961 900 1034 962 ἀλλὰ
1065 900 1139 962 κατὰ

122 995 211 1057 θεῖόν
237 1019 304 1056 τινα
330 995 380 1058 καί
407 995 576 1078 ἀπόρρητον
603 996 707 1078 λόχον,
734 1007 787 1059 τού
815 996 870 1077 μὲν
893 999 1044 1060 δουλεύειν
1063 993 1138 1060 Ἰου-

122 1095 231 1166 δαίους
254 1093 383 1176 Πέρσαις
406 1094 636 1177 ἀναγκάζοντος,
661 1104 715 1156 τού
738 1093 770 1156 δέ
792 1095 867 1176 πρὸς
888 1096 944 1175 τὴν
966 1096 1138 1178 ἐλευθερίαν

121 1190 323 1266 ἀνθέλκοντος
345 1192 395 1254 καί
418 1203 547 1274 συνεχῶς
573 1192 625 1266 τὰς
652 1193 763 1266 ίκεσίας
790 1196 830 1277 τῷ
853 1200 916 1278 θεῷ
939 1195 1138 1276 προσάγοντος

121 1288 173 1350 καλ
197 1288 343 1371 λέγοντος·
367 1291 449 1372 κύριε
471 1292 691 1372 παντοκράτωρ,
713 1289 768 1363 ἕως
790 1292 871 1364 τίνος
893 1291 930 1352 ού
953 1291 994 1371 μὴ
1016 1292 1138 1376 ἐλεὴσης
1151 1314 1178 1354 ιο

121 1387 179 1466 τὴν
199 1381 389 1469 Ἰερουσαλὴμ
411 1387 461 1450 καλ
485 1388 537 1461 τάς
559 1388 658 1462 πόλεις
678 1383 791 1469 Ἰούδα,
819 1387 856 1462 ἀς
877 1389 1028 1471 ύπερεῐδες
1050 1399 1136 1451 τοῦτο

121 1485 344 1566 ἑβδομηκοστὸν
366 1486 443 1563 ἐτοςς
466 1483 502 1549 δν
525 1481 602 1548 είδεν
624 1486 658 1548 ἐν
675 1495 711 1571 τῇ
733 1483 832 1568 δράσει
849 1486 900 1548 καί
917 1487 1034 1566 Δανιὴλ
1050 1487 1236 1550 werd-1⁶1⁸-

113 1575 215 1664 Ιμενον
237 1581 287 1644 καί
309 1583 343 1644 τό
365 1582 525 1665 πρόσωπον
548 1583 641 1646 αύτού
664 1583 706 1658 ὡς
728 1585 830 1666 όρασις
847 1584 1008 1667 ἀστραπῆς,
1031 1588 1136 1666 φησίν,

119 1679 173 1742 καὶ
196 1681 228 1741 οί
248 1678 401 1761 ὀφθαλμοί
424 1681 517 1744 αύιού
541 1680 609 1744 ὡσεί
631 1684 781 1762 λαμπάδες
803 1683 912 1765 πυρός,
939 1682 989 1746 καί
1012 1685 1044 1745 οἷ
1063 1686 1136 1767 βρα-

119 1781 218 1860 χίονες
250 1778 342 1841 αύιού
372 1777 422 1840 καί
448 1778 484 1840 ιδι
511 1778 597 1860 σκέλη
626 1779 667 1854 ὡς
694 1781 795 1862 ὅρασις
821 1786 930 1862 χαλκοῦ
958 1783 1136 1863 στίλβοντος,
1150 1802 1176 1844 ιι

120 1873 214 1956 καλὴ
239 1875 327 1957 φωνὴ
350 1886 409 1937 τῶν
432 1876 527 1959 λόχων
551 1877 643 1939 αὐτού
670 1877 711 1953 δις
738 1880 826 1959 φωνὴ
851 1877 946 1959 όχλου.
992 1871 1035 1941 ὧν
1058 1879 1136 1941 ἐστιν

120 1975 138 2038 6
162 1975 217 2054 τὴν
245 1973 317 2037 όνον
344 1973 539 2056 ἀποστρέφων
566 1975 616 2037 καί
638 1974 762 2055 Βαλαάμ
788 1986 841 2056 τῆς
863 1975 976 2040 ἀτόπου
999 1978 1136 2057 μαντείας

119 2075 236 2155 εἴργων.
282 2064 325 2134 ὧν
357 2071 435 2134 ἐστιν
467 2071 484 2134 6
515 2073 570 2153 τὴν
607 2074 754 2156 μάχαιραν
785 2073 971 2152 σπασάμενος
1002 2072 1052 2135 καλ
1083 2074 1135 2136 τὸν

117 2167 239 2250 Ἰησοῦν
271 2179 325 2231 τού
352 2171 443 2250 Ναυὴ
477 2170 697 2250 συμπλέκεσθαι
728 2175 790 2243 τοῖς
821 2171 972 2249 πολεμίοις
1003 2169 1053 2232 διὰ
1081 2180 1135 2232 τού

120 2270 270 2350 σχήματος
300 2269 544 2350 προτρεπόμενος.
590 2261 633 2330 ὧν
664 2267 743 2330 ἐστιν
775 2265 791 2329 6
823 2267 875 2342 τὰς
906 2264 974 2349 ρπε’
1002 2269 1135 2349 χιλιάδας
1148 2291 1174 2332 ιο

118 2377 181 2428 τῶν
205 2361 368 2448 Ἀσσυρίων
400 2365 432 2428 ἐν
464 2369 517 2452 μιᾷ
546 2365 632 2429 νυκιλ
659 2366 789 2440 πατάξας
816 2364 866 2428 καὶ
892 2372 933 2450 τῷ
960 2366 1046 2452 ύπνρ)
1075 2376 1135 2428 τῶν

118 2465 279 2547 βαρβάρων
302 2464 442 2541 συνάψας
464 2464 516 2526 τὸν
541 2466 685 2526 θάνατον.
730 2456 774 2526 ὧν
796 2463 874 2526 ἐστιν
897 2462 913 2526 6
936 2463 988 2526 τόν
1014 2464 1134 2546 προφὴ-

118 2587 176 2643 την
196 2556 368 2642 Ἀμβακούμ
390 2559 477 2646 ἀερίφ
501 2563 696 2642 μετακομίσας
723 2562 891 2643 πηδήματι,
915 2562 964 2623 ἵνα
986 2561 1039 2623 τὸν
1061 2583 1134 2643 προ-

119 2661 222 2742 φήτην
241 2659 357 2740 Δανιὴλ
378 2659 412 2720 ἐν
435 2658 513 2746 μέσῳ
536 2671 595 2722 τῶν
616 2662 743 2723 λεόντων
766 2659 929 2744 διαθρέψη.
975 2652 1057 2721 οὗτοι
1080 2657 1134 2739 μὲν

118 2751 177 2822 σύν
195 2757 244 2820 καί
263 2759 295 2819 ολ
312 2765 441 2819 τοιοῦτοι
463 2758 537 2820 κατὰ
558 2769 617 2821 τῶν
641 2758 757 2842 ἐχθρῶν
780 2757 992 2842 ἀριστεύουσιν.
1030 2755 1133 2830 ὁποῖος
1147 2779 1173 2820 ιε

116 2849 160 2937 ἦν
182 2855 199 2919 6
221 2854 378 2928 θεσπέσιος
397 2847 529 2936 Ῥαφαὴλ
554 2851 594 2918 δι’
620 2856 687 2931 ἐνὸς
715 2857 822 2938 ἰχθύος
851 2855 1001 2935 ἀνατομῆς
1029 2856 1133 2934 δαιμο-

116 2963 231 3016 νιῶσαν
253 2953 347 3035 κόρην
371 2953 528 3033 ἰασάμενος
550 2953 600 3015 καί
623 2960 724 3039 τυφλῷ
747 2953 862 3036 γέροντι
884 2954 936 3016 τόν
959 2954 1044 3033 ἥλιον
1067 2951 1132 3032 βλέ-

191 3138 225 3188 10
240 3133 321 3189 Zaeh.
339 3140 363 3202 1,
375 3141 416 3190 ιε.
433 3167 466 3175 -
483 3140 515 3188 12
530 3134 600 3188 Dan.
617 3139 660 3199 10,
670 3139 695 3188 ο.
711 3164 744 3173 -
761 3138 856 3201 ιο-ρ.
872 3137 958 3200 σεεμ
974 3131 1069 3201 chrys.
1086 3133 1102 3185 ι.
1114 3133 1130 3186 ι.

190 3290 205 3338 3
225 3285 274 3339 τὸν
292 3284 429 3411 μένὴτῶν
447 3285 498 3355 μέν
512 3283 628 3340 CDHV.
644 3317 678 3325 -
697 3289 713 3337 9
732 3288 770 3358 τῷ
784 3300 834 3338 om.
850 3283 905 3337 AF.
920 3315 956 3324 -
975 3288 1009 3337 10
1027 3301 1131 3338 παντο·

114 3355 221 3425 κράτορ
244 3356 319 3410 DFP
373 3389 429 3410 .—
454 3355 573 3424 ἐλεήσεις
592 3354 727 3410 BOFGV.
748 3386 781 3395 —
806 3361 839 3408 12
858 3355 907 3410 καλ
925 3372 975 3410 om.
996 3353 1076 3408 CFR.
1096 3386 1129 3394 —

113 3428 276 3498 πετάμενον
299 3427 407 3483 ABDG
438 3435 464 3483 et
488 3443 560 3482 1000.
584 3427 707 3496 quidam.
738 3459 770 3466 —
800 3431 833 3481 19
861 3432 934 3494 ναυῆ
962 3424 1130 3480 BOFHMR

115 3499 185 3556 ναυλ
202 3498 235 3552 A.
255 3530 289 3538 -
309 3504 344 3552 24
362 3497 515 3568 διαθρέψει
533 3496 749 3552 AHP00121.28
772 3495 869 3570 θρέψη
888 3497 919 3551 Β.

190 3645 223 3694 27
243 3639 354 3712 βλέπειν
372 3641 422 3696 τὸν
440 3638 519 3710 ἥλιον
537 3642 567 3696 Ρ,

172 3739 316 3790 Georgius
328 3741 488 3781 Monachus
503 3741 538 3780 εδ.
554 3741 582 3780 do
595 3741 664 3780 Boor.
684 3742 703 3783 L
937 3735 969 3784 15
