2617 3909
189 226 254 292 156
498 225 687 278 Γυουυιου
704 224 888 277 Μομιχου

187 374 246 438 ἀνά
268 385 369 437 πᾶσαν
390 373 447 453 τὴν
468 383 527 456 γῆν
548 372 721 455 ἀνθρώπων
744 371 780 432 τὰ
802 371 876 434 κατά
894 370 1016 454 καιροὺς
1033 370 1209 451 πλημμελή-

189 497 276 554 ματα,
299 469 347 554 [ἀ]
370 470 421 532 καλ
444 470 527 552 μέχρι
549 469 712 549 ποσότητές
734 492 815 544 τινος
837 468 964 548 ἐκδήλου
987 479 1040 550 τῆς
1062 467 1210 551 ἀμαρτίας

187 569 274 652 ἡμῶν
296 567 430 650 ἡκούσης
452 568 553 650 έπάμει
572 567 611 647 δὴ
633 575 796 648 τηνικαῦτα
814 568 919 630 λοιπὸν
941 567 993 641 τάς
1016 568 1101 640 δίκας
1124 572 1209 629 λελυ-

187 667 320 748 πημένος
342 665 359 729 δ
381 665 549 746 νομοθέτης
570 664 621 727 καὶ
642 665 755 747 κύριος.
797 666 983 748 διακαρτερεῖ
1001 662 1034 727 δέ
1055 664 1087 739 ἐξ
1109 665 1209 744 ἐμφύ-

162 786 242 827 ττου
263 766 492 846 φιλανθρωπίας
509 758 577 826 ἔσθ’
597 764 645 825 ὅτε
663 762 714 824 καί
731 763 983 843 πλημμελούντων
1001 761 1134 844 ἀνέχεται
1152 763 1210 825 οὐκ

188 862 231 936 είς
253 863 335 923 ἀπαν
356 859 539 943 ἀγανακτῶν.
576 859 627 922 καλ
644 861 701 943 γὰρ
719 861 779 941 ἔφη
797 861 873 944 πρὸς
890 861 942 924 τὸν
957 854 1101 943 Ἁβραάμ·
1122 858 1210 922 οέτπω

187 958 454 1042 ἀναπεπλήρεονται
476 961 511 1021 αἱ
536 957 675 1041 ἁμαρτίαι
701 969 761 1020 τῶν
780 953 965 1042 Ἀμορροιίων
987 957 1042 1031 ἕως
1064 966 1118 1018 τοῦ
1142 967 1209 1018 νῦν.

188 1057 263 1139 πρὸς
284 1055 318 1119 δέ
339 1081 372 1139 με
393 1056 464 1132 τοὺς
488 1057 672 1139 Φαρισαίους
694 1055 866 1132 ἀκαθίκτως
887 1053 1121 1135 έκλελυπηκότας
1147 1079 1210 1134 φη-

189 1157 249 1217 σίν·
272 1154 323 1217 καί
344 1154 429 1236 ὑμεῖς
451 1154 681 1238 ἀναπληρώσατε
704 1154 737 1216 τὸ
759 1153 864 1238 μέτρον
881 1165 941 1216 τῶν
959 1152 1093 1234 πατέρων
1111 1152 1211 1233 ὑμῶν.

149 1275 176 1316 ιο
189 1253 246 1316 οὐκ
269 1245 326 1315 οὖν
347 1253 376 1314 εί
392 1253 529 1335 βούλοιτό
547 1276 592 1327 τις
609 1254 768 1334 διαβιῶναι
786 1251 841 1334 μέν
859 1251 970 1336 ὀρθῶς,
992 1251 1212 1333 εὐβονλοτοίτας
1297 1273 1298 1278 “

188 1374 219 1413 τε
241 1350 292 1412 καί
314 1349 528 1424 ἐπιεικεστάτας
549 1350 583 1413 έν
605 1351 676 1435 τῷδε
704 1357 743 1435 τῷ
763 1352 819 1436 βίῳ
846 1355 1000 1413 ποιεῖσθαι
1022 1349 1073 1423 τάς
1096 1350 1210 1430 διατρι-
1298 1398 1299 1466 ρ

190 1449 256 1529 βάς,
280 1445 475 1532 ἀρθοποδήση
505 1470 535 1509 τε
558 1445 609 1508 καί
632 1448 809 1529 διανήξηται
831 1449 867 1510 τά
890 1447 974 1511 δεινὰ
1000 1449 1121 1530 γνώμης
1144 1446 1210 1528 έχό-
1298 1469 1299 1482 ’

190 1568 278 1626 μενος
300 1541 398 1626 ὀρθῆς
419 1543 469 1605 καλ
491 1543 696 1626 ἀδιαστρόφου
723 1547 838 1629 καρπὸν
864 1545 898 1607 τὸ
921 1546 963 1626 μὴ
986 1545 1131 1607 έναλῶναι
1156 1568 1210 1606 κα-

92 1657 175 1699 11111.
189 1647 269 1715 κοῐς;
300 1639 351 1702 καλ
382 1639 505 1723 ἀτρεκὴς
536 1641 553 1704 δ
584 1641 679 1724 λόγος.
725 1638 775 1723 ἐφ’
809 1641 882 1724 ἡμῖν
913 1643 969 1726 γάρ
1002 1642 1061 1705 ἐστι
1092 1641 1125 1703 τὸ
1159 1637 1207 1703 ἐπ’
1299 1670 1300 1740 ρ

152 1762 177 1803 ιτ
190 1737 282 1818 ἀμφω
304 1737 433 1820 βλέπειν,
455 1738 530 1822 πρός
552 1763 582 1801 τε
605 1738 739 1823 τάγαθόν
762 1766 842 1821 φημι
864 1740 915 1802 καλ
937 1741 1121 1803 τούναντίον.
1159 1739 1212 1800 καλ
1299 1759 1300 1770 ’

191 1837 223 1898 οί
234 1834 289 1916 μέν
305 1835 339 1898 έν
352 1837 430 1923 λόγῳ
443 1836 638 1918 πεποιημένοι
650 1839 684 1902 τὸ
698 1839 908 1919 θαυμάζεσθαι
925 1837 1060 1917 πεφυκὸς
1078 1836 1112 1899 έν
1126 1843 1210 1921 καλῷ

189 1934 365 2016 γενήσονται
390 1943 444 2015 τῆς
470 1933 590 2018 ἀρετῆς,
617 1937 650 1997 οί
671 1932 699 1998 δ’
725 1935 933 2010 ἀποκλίνοντες
963 1936 1006 2010 είς
1032 1935 1212 1998 τούναντίου
1300 1939 1301 2014 1

190 2033 241 2096 καλ
263 2043 322 2096 τῶν
344 2032 512 2114 ἀμεινόνων
532 2033 696 2117 προθέντες
718 2034 751 2096 τὸ
769 2033 896 2096 ἀδικοῦν
914 2033 969 2113 τὴν
987 2033 1101 2094 οἰκείαν
1118 2056 1210 2094 κατα·
1300 2017 1301 2060 ³

191 2134 369 2215 φθείραντες
397 2131 476 2211 ζωὴν
502 2130 601 2194 ἁλοῖεν
630 2130 669 2192 ἀν
696 2129 841 2194 αὐθένται
872 2131 922 2194 καλ
954 2129 1087 2214 ὀλειῆρες
1115 2129 1213 2192 δεινοὶ

151 2253 178 2293 ιο
191 2229 266 2291 κατὰ
287 2240 341 2310 τῆς
362 2238 450 2308 σφῶν
473 2229 573 2292 αὐτῶν
594 2235 727 2310 κεφαλῆς
749 2227 973 2311 ἐξεληλεγμένοι.

265 2433 281 2482 ο
300 2426 368 2482 Gen.
384 2432 427 2494 ιε,
442 2432 484 2481 16.
503 2457 539 2467 -
558 2432 574 2480 ο
593 2427 695 2482 Μιιω,
711 2433 754 2495 τε,
769 2433 811 2481 τε.

264 2591 280 2638 2
299 2585 318 2639 ἃ
332 2587 412 2642 musis
425 2586 534 2641 inclusi.
549 2603 600 2641 οικ.
615 2587 638 2641 P
654 2587 703 2643 ἀτε
716 2587 829 2642 Muralt.
845 2619 879 2627 —
894 2593 910 2640 3
924 2586 1024 2642 λοιπὸν
1038 2603 1088 2642 om.
1103 2585 1163 2640 RV.
1176 2619 1212 2626 -

192 2654 384 2725 λελυπημένος
392 2655 471 2710 ANV
484 2656 629 2726 λελυμένος
641 2657 662 2712 O
675 2657 813 2732 λελυμένῳ
827 2659 860 2713 R.
871 2689 905 2698 -
920 2663 936 2712 8
950 2655 1140 2726 λελυπηκότας
1149 2656 1211 2712 AG.

193 2759 226 2767 —
243 2732 258 2780 9
273 2727 517 2795 ἀνεπληρώσατεΑ
531 2730 730 2798 πεπληρώκατε
744 2729 773 2783 P.
786 2761 819 2769 -
833 2734 865 2783 12
882 2725 1058 2801 ὀρθοποδίση
1072 2731 1121 2799 (·ει
1131 2728 1166 2798 Β)
1181 2747 1211 2782 τε

193 2797 290 2867 (calc)
304 2797 414 2852 ABOM
438 2797 700 2869 ὀρθοποδίσηταιΙ)
725 2799 915 2868 ὀρθοποδήσει
933 2818 963 2855 τε
982 2807 1020 2868 (τε
1038 2817 1088 2854 om.
1105 2799 1140 2870 G)
1158 2799 1213 2853 GP

193 2869 389 2939 ὀρθοποδησαι
402 2889 432 2924 τε
440 2870 466 2923 R
481 2869 670 2938 ὀρθοποδίσαι
683 2891 713 2927 τε
722 2871 770 2925 FV
781 2870 966 2941 δρθοτομήσει
978 2890 1008 2926 τε
1018 2870 1052 2927 Η.
1060 2902 1095 2912 -
1108 2872 1212 2938 διανῆ·

191 2941 255 3010 ξητε
264 2942 290 2994 A
304 2938 480 3009 διανοίξηται
493 2942 519 2994 R
537 2941 700 3010 διανήξεται
714 2942 737 2997 Ρ
751 2939 957 3007 διανοίξεταιῦ
971 2941 1165 3010 διανήξασθαι
1180 2942 1213 2996 P.

192 3042 227 3051 —
238 3018 272 3066 13
283 3012 490 3082 εὐδιαοτρόφου
500 3011 525 3066 G
538 3011 713 3081 διαστρόφου
724 3013 783 3083 (διὰ
793 3013 917 3083 στρόφου
924 3014 956 3084 Ρ)
964 3014 986 3068 Β
994 3013 1084 3068 OMP.
1095 3043 1127 3053 -
1140 3032 1211 3080 καρ-

191 3082 247 3137 πὸν
265 3081 354 3139 σκιΙλ
372 3092 485 3140 σκοπῶν
499 3083 530 3137 G.
547 3115 581 3124 —
597 3089 630 3137 16
644 3084 676 3139 τὸ
691 3083 805 3154 ἀγαθόν
819 3084 950 3140 AFGNV
963 3085 998 3140 τὰ
1012 3083 1111 3155 ἀγαθοί
1125 3082 1158 3138 R.
1175 3115 1210 3123 -—

193 3160 226 3208 16
245 3154 377 3224 πεφυκὼς
392 3154 535 3209 ΔΟΗΜΒ
555 3153 713 3222 πεφυκότες
729 3154 760 3210 G.
778 3189 812 3196 —
832 3161 865 3210 18
884 3154 1057 3225 προσθέντες
1070 3154 1212 3209 AOPRV.

192 3223 563 3352 wff‘fssfffffi
571 3231 655 3351 ἰλ
664 3226 803 3353 111513
808 3225 1099 3354 ίλί”1ἕλ“ὲιὶέῑ
1109 3222 1211 3350 EM

265 3459 280 3505 1
299 3454 451 3509 ἀνάπασαν
466 3455 495 3507 Ρ.
510 3487 545 3495 -
565 3460 581 3507 9
599 3456 649 3508 καὶ
668 3456 745 3525 ὑμεῖς
764 3473 851 3525 φησιν
865 3457 895 3511 Ρ.
914 3489 947 3498 -
968 3464 1000 3512 11
1020 3457 1070 3518 τὰς
1088 3456 1119 3511 έν
1137 3458 1213 3530 τῷδε

192 3541 226 3646 ἷξε
234 3525 426 3648 mmm
444 3527 533 3592 διατρ.
551 3526 580 3579 P.
599 3557 635 3566 -
655 3532 759 3580 15-17
779 3527 828 3582 καλ
847 3526 1097 3584 ολ-τοίυαντίον
1120 3543 1171 3583 om.
1187 3527 1214 3580 P
