2617 3909
536 243 726 296 XPONIKON
1070 240 1134 305 125

114 393 168 455 καλ
190 387 289 455 εἶπαν·
314 391 355 471 μῆ
379 396 501 478 Μωῦσῆ
526 393 608 477 μόνῳ
631 391 787 469 λελάληκεν
806 389 822 453 6
841 390 920 464 θεός.
957 389 1007 451 καὶ
1025 388 1135 469 ῆκουσε

114 493 231 574 κύριος·
265 489 315 552 καί
347 487 363 552 6
400 488 562 572 ἀνθρωπος
593 494 733 568 Μωϋσῆς
768 485 865 573 πραῢς
902 488 1019 571 σφόδρα
1055 487 1136 570 παρὰ

116 591 233 663 πάντας
260 587 443 669 ἀνθρώπους
472 590 542 664 τοὺς
569 589 618 652 ἐπί
644 598 697 668 τῆς
720 600 783 674 γῆς,
829 586 880 648 καί
902 585 1010 667 κατέβη
1032 587 1136 669 κόριος

118 688 153 750 ἐν
176 687 271 773 στόλῳ
294 685 421 766 νεφέλης
444 686 492 749 ε’πλ
518 688 574 767 τῆν
601 691 717 770 σκηνῆν
740 697 793 750 τοῦ
817 686 979 767 μαρτυρίου
1002 683 1051 746 καί
1074 679 1135 746 εἶπε

116 785 193 868 πρὸς
221 780 337 865 Ἀαρὼν
368 784 419 846 καί
450 787 590 866 Μαρίαν·
622 788 675 850 ἐὰν
712 785 832 870 γίνηται
863 783 1020 865 προφήτης
1050 782 1136 861 ὑμῶν
1156 802 1176 843 ο

118 885 225 968 κυρίῳ,
248 883 280 945 ἐν
303 882 428 965 ὁράματι
450 883 530 969 αὐτῷ
548 886 765 966 γνωσθῆσομαι
786 881 836 944 καὶ
859 881 892 943 ἓν
914 882 1000 965 ίίπνῳ
1020 881 1137 960 λαλήσω

101 980 210 1066 αὐτῷ·
235 981 289 1062 οὐχ
316 982 410 1054 οὕτως
434 979 474 1054 άις
497 980 513 1042 6
535 985 677 1063 θεράπων
705 1006 763 1062 μου
791 985 929 1058 Μωυσῆς
956 979 988 1040 ἐν
1016 979 1074 1063 ὅλη)
1096 985 1137 1062 τῷ

120 1081 194 1166 οἴκω
218 1103 279 1159 μου-
298 1079 401 1152 πιστός
423 1079 510 1141 ἐστιν.
547 1082 640 1161 στόμα
662 1080 736 1142 κατά
759 1079 853 1157 στόμα
876 1077 991 1155 λαλήσω
1010 1077 1089 1161 αὐτῷ
1104 1077 1137 1139 ἐν

120 1179 193 1240 εἴδει
215 1176 266 1238 καὶ
288 1176 325 1238 οά
350 1171 390 1238 δι’
415 1177 609 1259 αἰνιγμάτων,
631 1177 682 1240 καὶ
704 1179 759 1258 τῆν
778 1177 868 1250 δόξαν
887 1198 945 1254 μου
964 1169 1050 1236 εἶδεν.
1086 1173 1137 1236 καί

120 1275 172 1338 διόι
199 1276 229 1336 τί
254 1274 311 1336 οὐκ
337 1274 511 1356 ίφοβῆθητι
542 1282 741 1356 καταλαλῆσαι
771 1273 845 1336 κατὰ
871 1282 925 1334 τοῦ
952 1271 1137 1354 θεράποντάς
1151 1293 1178 1335 10

120 1397 180 1453 μου
212 1371 384 1450 Μωΰσίως;
416 1373 468 1436 καί
499 1371 573 1456 ὀργῆ
606 1381 710 1454 θυμοῦ
741 1373 847 1454 κυρίου
879 1364 925 1432 ἐπ’
956 1368 1056 1443 αὐτοῖς
1087 1369 1137 1432 καλ

36 1469 42 1478 ’
119 1470 271 1551 ἀπῆλθον.
317 1469 367 1532 καὶ
395 1471 463 1533 ίόοὺ
485 1474 594 1554 Μαρία
618 1477 753 1553 λεπρῶσα
777 1468 844 1532 ὡσεὶ
867 1469 947 1550 χιών.
992 1461 1054 1529 ἀλλ’
1081 1461 1137 1529 οὖν

120 1592 155 1651 γε
178 1569 357 1648 όνσωπῆσας
379 1573 518 1649 Μωυσῆς
538 1568 604 1652 περί
622 1568 726 1648 αὐτῆς,
748 1567 798 1629 καὶ
816 1566 1015 1649 ἀφορισθεῖσα
1033 1565 1066 1627 ἐκ
1083 1575 1137 1628 τοῦ
1152 1587 1178 1628 ω
1193 1587 1224 1626 M.

121 1673 197 1728 λαοῦ
228 1663 339 1746 ἡμέρας
365 1663 393 1739 ζ’
421 1667 496 1746 ἰάθη
527 1666 601 1728 κατά
632 1668 684 1730 τὸν
711 1667 800 1748 λόγον
829 1667 944 1747 κυρίου.
989 1663 1040 1725 καὶ
1067 1663 1137 1744 μετά

119 1773 213 1825 ταῦτα
237 1765 345 1845 Μαρία
367 1763 558 1844 ἐτελεάτησεν.
593 1765 644 1828 καί
667 1765 723 1826 οὐκ
745 1755 784 1844 ῆν
807 1764 888 1846 όόωρ
912 1771 946 1848 τῆ
967 1771 1135 1847 συναγωγῇ,
1150 1783 1176 1826 το

120 1860 172 1924 καί
195 1861 368 1942 ἐλοιδορεῖτο
392 1861 408 1924 6
431 1861 501 1949 λαός
518 1862 593 1946 πρὸς
612 1868 753 1943 Μωϋσῆν
771 1861 822 1922 καὶ
837 1855 962 1942 Ἀαρών,
980 1859 1030 1922 καί
1048 1883 1137 1921 κατα-

120 1959 299 2040 βοῆσαντες,
330 1952 392 2021 εἶπε
423 1961 526 2040 κόριος
556 1961 631 2042 πρὸς
659 1965 812 2039 Μωῦσῆν·
841 1959 912 2038 λάβε
939 1958 994 2037 τῆν
1025 1958 1138 2038 ῥάβδου

122 2057 236 2135 ταύτην
262 2055 312 2117 καὶ
340 2055 533 2137 ἐκκλησίασον
559 2059 615 2140 τῆν
641 2057 820 2139 συναγωγὴν
848 2055 886 2116 σὺ
914 2054 963 2116 καὶ
983 2049 1098 2136 Ἀαρόιν
1122 2053 1138 2116 6

122 2154 253 2233 ἀδελφός
279 2172 349 2234 σου,
376 2153 427 2216 καί
449 2156 590 2235 λαλῆσατε
616 2155 690 2237 πρὸς
715 2155 770 2234 τῆν
792 2152 902 2234 πέτραν
924 2152 1059 2214 ἐναντίον
1082 2151 1136 2212 αά-

121 2261 198 2332 τῶν,
219 2249 270 2313 καλ
297 2252 384 2314 δώσει
410 2252 447 2313 τά
472 2253 567 2314 όδατα
593 2253 694 2333 αὐτῆς.
740 2250 790 2313 καί
813 2251 897 2331 ἔλαβε
922 2253 1060 2329 Μωῦσῆς
1082 2250 1137 2329 τῆν
1151 2273 1178 2312 ιο

122 2348 266 2412 ἀπέναντι
284 2351 390 2431 κυρίου
408 2351 522 2431 ῥάβδον
540 2350 590 2413 καί
607 2350 790 2430 ἐξεκλησίασε
805 2354 943 2428 Μωυσῆς
958 2347 1009 2409 καὶ
1023 2342 1138 2430 Ἀαρὼυ

124 2447 180 2527 τῆν
203 2448 381 2530 συναγωγὴν
403 2446 545 2510 ἀπέναντι
566 2458 619 2529 τῆς
640 2447 748 2530 πέτρας
770 2447 820 2508 καί
842 2441 906 2508 είπε
924 2445 998 2527 πρὸς
1016 2445 1137 2520 αὐτούς·

123 2544 270 2607 ἀκούσατέ
292 2568 365 2626 μου,
389 2547 421 2607 οἱ
444 2544 593 2627 ἀπειθεῖς,
617 2546 657 2628 μῆ
679 2546 714 2608 ἐκ
736 2555 788 2626 τῆς
815 2542 921 2625 πέτρας
943 2544 1052 2624 ταύτης
1074 2543 1139 2617 ἐξά-

124 2644 221 2722 ξωμεν
247 2642 321 2724 ὑμῖν
348 2644 437 2726 ὕδωρ.
482 2642 533 2705 καί
560 2643 671 2726 ἐπάρας
694 2648 832 2723 Μωϋσῆς
861 2641 916 2720 τῆν
943 2647 1024 2724 χεῖρα
1046 2641 1139 2704 αὐτοῦ

198 2829 304 2894 14-γ.
320 2828 380 2890 126,
395 2829 412 2878 ό
429 2823 513 2879 Num.
528 2829 571 2893 20,
587 2830 667 2894 lsqq.

200 2972 214 3019 1
235 2960 315 3020 είτιον
330 2965 382 3020 GL
402 2961 479 3021 εἶπεν
495 2965 601 3021 OFRV.
617 2999 650 3006 —
670 2973 775 3036 μωϋσεῖ
786 2964 865 3019 BFV
878 2973 964 3034 μωσεῖ
975 2965 1008 3018 R.
1024 2997 1057 3004 —
1077 2969 1092 3017 ’λ
1108 2962 1139 3018 δὲ

124 3038 164 3100 ὡς
181 3041 243 3105 θερ.
259 3035 283 3093 G
301 3038 339 3101 ὡς
352 3054 402 3092 om.
418 3037 466 3091 PR
474 3037 523 3092 Ex.
539 3069 573 3077 -
593 3044 625 3092 11
646 3035 692 3092 ἐπ’
707 3038 809 3100 αὐτοὺς
824 3035 979 3090 ABFGLV
993 3052 1042 3090 om.
1058 3035 1090 3088 R.
1106 3066 1140 3074 —

126 3114 162 3164 15
182 3108 212 3164 ἐν
230 3116 263 3180 τῆ
283 3117 432 3180 συναγωγῇ
450 3108 553 3162 FPRV.
574 3141 607 3148 —
630 3114 664 3163 16
684 3107 819 3175 ἐλοιδόρει
838 3106 968 3161 GFLRV.
987 3138 1021 3146 -
1041 3105 1055 3160 6
1074 3105 1141 3168 λαὸς

125 3180 176 3234 τὸν
201 3187 314 3249 μωϋσῆν
338 3179 408 3234 ΟΕῈ
430 3178 445 3234 6
469 3183 492 3234 λ.
511 3185 550 3233 τῶ
568 3187 663 3250 μωϋσῆ
687 3183 738 3249 (-εῑ
753 3179 788 3248 V)
807 3178 899 3233 LVW.
925 3209 959 3218 -
983 3177 1031 3231 καί
1054 3195 1140 3230 κατα-

127 3249 280 3323 βοήσαντες
297 3251 346 3305 καλ
364 3246 425 3305 είπε
443 3251 469 3304 R
491 3234 541 3305 καί
558 3251 713 3323 κατεβόουν
732 3251 781 3304 καί
799 3245 860 3304 είπε
876 3250 897 3302 F
916 3245 1141 3320 καταβοήσαντες

126 3323 176 3376 καί
195 3317 255 3377 είτιε
265 3321 345 3376 ΑΒΝ
359 3321 583 3394 καταβοήσαντες
596 3317 657 3377 ιίπε
671 3321 703 3376 G.
712 3353 746 3362 -
761 3327 794 3375 21
810 3317 1001 3389 ἐξεκκλησίασε
1010 3318 1140 3372 ADFHL

127 3391 290 3461 ἐκκλησίασε
303 3393 364 3447 BR.
379 3425 413 3434 -
432 3399 466 3447 22
486 3389 567 3448 είπον
581 3392 687 3448 OLRV.
703 3425 736 3434 -
757 3397 790 3446 23
810 3393 875 3463 μου]
894 3390 972 3461 ἡμῶν
986 3389 1008 3442 L
1026 3389 1093 3460 ῆμῖν
1107 3389 1139 3442 R.

126 3496 162 3529 τ-
186 3464 319 3535 ἐξάξομεν
337 3464 386 3518 BV
405 3464 461 3535 (sed
479 3464 516 3518 W
534 3468 632 3534 ·ωμεν)
655 3464 777 3535 ἐξάξωμε
795 3462 816 3517 C
839 3462 925 3528 ἐξάξω
944 3461 1037 3516 DHR.

186 3629 236 3688 ‚16
254 3624 302 3678 καλ
320 3630 385 3681 amte
403 3624 569 3692 ἐλοιδορεῖτο
587 3640 638 3681 om¹¹
652 3625 682 3680 Ρ.
