2617 3909
537 256 726 308 XPONIKON
1070 255 1131 320 161

122 427 190 483 τως,
213 403 258 464 ότι
281 402 337 464 οὐκ
358 400 461 483 ἀγαθὴ
483 399 504 482 ἡ
526 401 602 483 όυιοη
625 401 666 482 ἢν
688 403 744 486 ἐγὼ
767 402 866 466 ἀκούω
889 403 955 486 περὶ
977 403 1062 483 ὑμῶν
1080 413 1133 466 τοθ

122 506 221 562 ποιεῖν
247 500 299 562 τόν
325 498 398 561 λαόν
424 509 477 561 τοῦ
504 500 545 580 μὴ
573 502 722 582 λατρεύειν
743 503 844 588 κυρίφ.
889 500 941 563 ἐὰν
962 501 1018 586 γὰρ
1040 499 1133 583 ἆμαρ-

121 598 184 660 τδν
205 596 367 678 όνθρωπος
388 595 504 683 διμοίρτη
525 597 600 680 πρὸς
621 597 731 681 ἄνδρα,
758 599 809 662 καί
834 600 1045 682 προσεύξονται
1066 599 1133 680 περί

23 707 27 712 ’
122 695 217 758 αότοθ
238 695 314 776 πρὸς
335 695 451 778 κόριον,
473 694 526 758 ἐὰν
548 693 580 759 δὲ
598 703 638 781 τῷ
657 699 749 782 κυρίῳ
768 695 893 783 ἆμοίρτη,
911 696 961 759 καί
980 699 1024 772 τίς
1041 715 1133 780 προσ-

121 795 236 869 εύξεται
267 792 334 876 περί
364 793 472 871 αότοθς
499 792 561 856 ἐπεί
592 787 649 856 οόν
681 795 721 875 μη
748 795 830 857 πάνυ
857 796 928 858 ὅσον
954 795 1042 879 ἐχρῆν
1069 795 1132 858 ἐπε·
1160 815 1172 856 ι

123 893 238 966 δείξατο
260 890 316 971 τὴν
337 889 471 972 ἀπειλήν,
494 891 544 953 καί
566 891 656 965 αὐτὸς
678 895 740 972 μετ’
764 892 884 956 ἐκείνων
906 892 1044 955 ἀπώλετο.
1083 892 1133 954 καί

122 989 181 1072 γὰρ
202 987 324 1062 ἀπειλὰς
345 988 404 1051 ἔδει
425 994 602 1071 προσθεῖναι
621 989 672 1051 καί
690 990 830 1072 μάστιγας
847 990 995 1053 ἐπιθεῖναι
1013 990 1063 1052 καί
1080 1000 1133 1071 τῆς
1147 1011 1232 1052 1141.

123 1085 224 1166 όψεως
232 1086 325 1148 αότοῦ
338 1085 470 1161 ἐξελάσαι
482 1086 533 1148 καί
546 1086 587 1166 μὴ
600 1093 748 1161 παντελῶς
761 1089 931 1168 φείσασθαι.
962 1082 1020 1149 ἀλλ’
1031 1088 1132 1168 ἐπειδὴ

122 1185 303 1264 φεισάμενος
324 1183 417 1246 αὐτοῦ
443 1194 503 1246 τῶν
529 1185 645 1246 παίδων
671 1183 813 1267 ἀκαίρως,
841 1185 911 1265 μετὰ
937 1196 996 1248 τῶν
1018 1187 1133 1248 παίδων

123 1282 175 1344 καί
200 1281 256 1361 τὴν
282 1281 389 1344 ἐαυτοῦ
415 1283 562 1364 σωτηρίαν
583 1279 739 1344 ἀπώλεσεν.
784 1281 913 1346 όίκουσον
936 1283 991 1366 γὰρ
1013 1285 1043 1345 τί
1059 1300 1134 1362 φησι
1148 1304 1173 1344 ιο

122 1378 200 1461 πρὸς
226 1379 317 1442 αι’πδν
343 1378 360 1442 ό
382 1379 469 1459 θεός,
494 1385 605 1460 μᾶλλον
632 1379 664 1442 δέ
687 1381 723 1444 οό
751 1382 826 1464 πρὸς
852 1381 944 1445 αὐτόν
971 1376 1056 1464 (οὐδὲ
1077 1381 1133 1463 γὰρ

122 1476 306 1558 ἀποκρίσεως
323 1476 415 1539 αότδν
432 1475 516 1551 όίξιον
533 1477 649 1562 ἔκρινεν
667 1474 743 1542 είναι
760 1480 864 1543 λοιπόν
883 1477 923 1552 ὡς
936 1497 1134 1560 προσκεκρου-

123 1569 221 1658 κότα),
243 1574 316 1637 ἀλλὰ
339 1576 381 1637 δι’
405 1573 503 1656 ἓτέρου
521 1583 604 1638 ποιεῖ
617 1582 726 1656 μαθεῖν
744 1575 779 1637 τδι
796 1575 1025 1656 καταληψόμενοι
1042 1575 1134 1639 αὐτόν

123 1673 210 1734 κακοί.
255 1672 303 1734 διό
330 1690 406 1752 φησι
433 1672 484 1734 διδι
509 1683 563 1734 τοῦ
592 1681 730 1754 μαθητοῦ
752 1673 845 1736 αίποῦ
870 1673 1024 1753 Σαμουήλ·
1047 1673 1133 1755 ἔγνω,

123 1770 171 1832 ότι
187 1775 417 1852 κακολογοῦντες
434 1770 510 1832 θεόν
527 1772 559 1833 ολ
573 1770 635 1833 υίολ
652 1771 755 1853 αὐτοῦ,
774 1771 830 1833 οὐκ
847 1769 997 1833 ἐνουθέτει
1015 1771 1132 1846 αότοός.
1147 1791 1173 1833 ιο

122 1866 175 1929 καί
207 1867 268 1948 μην
297 1865 508 1949 ἐνουθέτησεν,
543 1862 606 1930 ἀλλ’
639 1868 709 1931 οὐδὲ
740 1870 883 1932 νουθεσία
921 1867 1018 1948 ἐκείνη
1054 1868 1134 1930 λελό-

122 1982 220 2047 μισται
243 1965 283 2045 μη
305 1966 413 2046 ἐχουσα
435 1965 468 2028 τὸ
491 1968 625 2047 σφοδρόν
651 1966 702 2028 καί
724 1965 935 2046 ἐπιτεταμένον.
980 1965 1072 2027 εἰπὼν
1095 1965 1133 2045 δὴ

123 2064 158 2126 τό
181 2063 310 2146 ἔγκλημα
331 2063 432 2145 ἐντείνει
454 2063 504 2126 καί
526 2063 581 2143 τὴν
602 2063 724 2125 κόλασιν
747 2063 817 2143 μετὰ
839 2068 949 2142 πολλῆς
971 2073 1023 2143 της
1044 2060 1135 2145 ὀργῆς

124 2162 262 2240 φάσκων
285 2160 388 2241 ὤμοσα
418 2168 457 2245 τῷ
485 2162 556 2246 οἴκφ
585 2157 678 2242 ’,Ηλεί
709 2161 737 2222 εί
761 2160 918 2235 ἐξιλόσεται
941 2157 1067 2242 ἁμαρτία
1093 2165 1133 2243 τῷ

124 2259 198 2343 οἶκφ
222 2253 302 2322 Ἠλεὶ
328 2257 349 2339 ἢ
375 2259 409 2322 ἐν
435 2260 601 2339 θνμιόματι
626 2256 647 2338 ἢ
674 2258 707 2321 ἐν
735 2259 830 2342 θυσίμ
856 2256 911 2331 ἕως
931 2267 990 2318 τοῦ
1016 2257 1133 2330 αἰῶνος
1147 2279 1173 2320 ιο

124 2350 202 2430 ελδες
231 2355 431 2438 ἀγανάκτησιν
457 2355 664 2436 ἐπιτεταμένην
694 2355 744 2416 καί
775 2353 983 2436 δισόμγνωστον
1013 2353 1134 2416 κόλασιν

124 2452 175 2515 καλ
201 2452 410 2536 ἀσυγχωρητον
438 2455 481 2528 είς
507 2454 577 2516 όλον
602 2454 656 2516 τόν
683 2447 767 2515 οίκον
795 2452 888 2514 αότοό
914 2451 1018 2515 καὶτὸ
1040 2450 1134 2534 γένος,

123 2552 220 2613 καίτοι
242 2561 296 2614 τοῦ
317 2550 372 2633 μὲν
394 2553 475 2614 ίδίου
498 2553 567 2632 βίον
587 2550 685 2613 ἕνεκεν
712 2548 801 2613 οόδέν
827 2544 939 2637 ηἠτιοίθη
961 2549 1041 2631 ποτέ,
1064 2547 1134 2612 οόδέ

123 2655 311 2731 κατεγκαλεῖν
333 2644 408 2731 είηεν
433 2647 450 2711 δ
472 2650 545 2725 θεὸς
570 2647 669 2732 ἕτερόν
695 2672 723 2710 τι
748 2655 789 2732 τῷ
816 2649 979 2733 πρεσβίτη,
1007 2641 1069 2710 ἀλλ’
1095 2640 1134 2727 ἦν

125 2745 215 2808 τόλλα
240 2747 337 2809 πάντα
362 2747 543 2828 θαυμαστός.
587 2746 638 2808 καί
660 2746 715 2826 τὴν
740 2748 920 2826 φιλοσοφίαν
942 2746 998 2809 οόκ
1020 2746 1172 2809 ἐκτῶντο

124 2842 223 2907 όίλλων
246 2845 348 2925 μόνον,
370 2844 443 2907 ἀλλὰ
464 2844 514 2907 καί
537 2838 588 2906 ἀπ’
613 2844 788 2907 αὐτῶντῶν
806 2843 885 2926 παρὰ
903 2844 957 2924 τὴν
975 2843 1133 2924 συμφορὰν

124 2944 304 3023 συμβάντων
334 2943 412 3005 ἔστιν
445 2943 527 3005 ι’δεῖν.
572 2940 673 3022 ἐπειδὴ
704 2939 759 3024 γδιρ
786 2952 876 3004 ταῦτα
902 2941 999 3002 πάντα
1023 2939 1133 3020 ἤκουσε

198 3096 524 3168 141ng3313
488 3094 814 3166 -..,.191Regg314

198 3226 214 3274 2
237 3240 275 3292 τω
297 3242 349 3289 κυρ
351 3219 384 3296 ίφ
402 3219 604 3276 Blfflchr.-
628 3220 712 3274 3καλ
730 3235 780 3274 om
799 3217 942 3272 AFRchr.
965 3233 1033 3272 εσσε.
1053 3216 1131 3270 τ’κΙι.

123 3323 160 3333 -
176 3297 209 3346 12
224 3273 298 3347 είόαι
312 3276 442 3360 lumea
460 3291 550 3360 ἔκρινε
564 3307 613 3346 om
628 3289 662 3344 V
678 3321 711 3332 -—
730 3287 986 3358 προωιεκρουιιότας
999 3286 1050 3341 OG
1064 3305 1133 3354 προ-

123 3360 297 3431 κεκρουκότα
310 3363 453 3417 ΒΜΡ.-
474 3368 508 3416 14
557 3360 761 3418 νωνΡΝλίμ-
780 3366 812 3414 15
829 3363 923 3416 κακολ.
938 3357 965 3414 ολ
979 3357 1017 3428 (ολ
1031 3373 1081 3414 om.
1096 3357 1131 3426 V)

123 3433 184 3489 υλολ
204 3434 291 3488 αὐτοῦ
309 3431 443 3489 τὸνθεόν
457 3432 568 3487 ABG.
584 3437 670 3486 —17
690 3432 737 3504 δὴ]
757 3431 788 3486 δὲ
806 3429 902 3486 Dchr
922 3430 1011 3501 γὰρΙι
1029 3446 1079 3485 om.
1093 3430 1131 3484 M.

125 3537 162 3546 -
181 3509 214 3559 19
233 3504 301 3560 εί-
268 3505 370 3576 -ηλελ
387 3521 437 3560 ουτ.
454 3503 516 3559 GN.

199 3635 215 3683 3
228 3627 338 3701 διμολρτη
353 3627 507 3695 ἄνθρωπος
515 3627 597 3697 (ἁνήρ
607 3626 680 3698 chr.)
690 3627 712 3681 P
722 3625 783 3681 chr.
793 3659 826 3667 —
837 3631 869 3681 17
881 3625 1093 3696 ἐπιτεταγμένον
1102 3625 1133 3680 Ρ.

180 3726 323 3778 Georgius
337 3727 496 3769 Μοοεοουι
511 3727 546 3768 εδ.
560 3727 589 3768 δε
603 3727 671 3767 Βοοτ.
693 3726 713 3767 1.
940 3721 972 3770 11
