2617 3909
493 250 693 304 ΤΕΩΡΡΙΟΤ
710 249 892 302 ΜΟΝΔΧΟΤ

529 413 596 498 [ιδ’.
628 414 718 499 Περί
741 410 862 496 Συλλα]

258 544 343 604 Σόλα
370 540 402 604 δὲ
429 541 586 623 γενόμενος
617 538 690 603 ἐτῶν
721 537 769 623 ρλ’
796 537 933 621 ἐγέννησε
963 537 1015 600 τόν
1031 533 1121 622 Ἔβερ
1154 537 1204 600 καὶ

192 640 264 722 μετὰ
290 649 376 702 τοῦτο
403 639 505 719 ἔζησεν
531 639 581 718 ἐτη
614 635 666 720 υγ’
693 636 743 699 καί
770 635 902 699 ἀπέθανε
930 637 1019 717 ζήσας
1045 636 1081 698 τὰ
1107 637 1205 698 πάντα

192 739 241 820 ἐτη
266 735 346 820 φλγ’.

165 850 178 888 ε
533 822 595 908 [ιε’.
628 821 859 907 ΠερίἜβερ]

251 951 342 1033 Ἔβερ
366 949 398 1014 δέ
419 950 577 1033 γενόμενος
599 949 673 1012 ἐτῶν
695 947 762 1034 ρλβ’
785 949 921 1032 ἐγέννησε
947 949 999 1011 τόν
1019 945 1129 1012 Ἰεκτόιν
1155 947 1206 1011 καί

191 1051 244 1113 τὸν
264 1048 371 1111 Φαλέκ.
411 1048 462 1127 ἐφ’
482 1042 518 1110 οὗ
537 1046 700 1130 ὁμοφώνων
718 1047 912 1131 ὑπάρχοντος,
935 1045 975 1121 ὥς
995 1065 1090 1128 φησιν
1105 1043 1205 1125 Ἰώση-

191 1171 258 1229 πος,
280 1157 334 1210 τοῦ
356 1146 462 1229 γένους
488 1156 548 1208 τῶν
570 1145 757 1230 ἀνθρώπων,
785 1147 940 1228 συνάγεται
966 1146 1008 1220 είς
1035 1145 1087 1208 ἕνα
1113 1145 1205 1208 τόπον

192 1245 349 1329 λεγόμενον
377 1245 510 1327 Σεναάρ,
537 1238 600 1306 εέτα
626 1245 742 1327 πύργον
768 1241 823 1319 ἕως
850 1253 903 1306 τοῦ
930 1244 1061 1328 οὐρανοῦ
1090 1244 1206 1306 οίκοόο·

153 1365 180 1405 το
194 1349 260 1424 μεῖν
282 1343 423 1406 ἐνενόουν
447 1341 497 1404 καλ
519 1341 586 1423 περί
608 1342 701 1406 αὐτόν
722 1339 810 1404 πόλιν
832 1342 887 1423 τὴν
909 1345 1085 1423 Βαβυλῶνα,
1108 1342 1125 1404 ό
1147 1341 1206 1405 ἐστι

193 1443 342 1523 σύγχυσις.
383 1432 426 1501 ὧν
443 1439 477 1502 τό
494 1439 582 1522 ἔργον
604 1437 701 1514 ἀτελὲς
722 1437 893 1522 κατέρριπτο
913 1441 1039 1521 ματαίαν
1059 1439 1205 1520 ἀντίβασιν

192 1537 460 1619 ἐπικεχειρηκότων.
507 1537 541 1598 οῗ
562 1561 595 1619 γε
624 1536 674 1599 καί
705 1538 760 1618 τὴν
786 1536 971 1617 κατασκευὴν
999 1547 1052 1618 τῆς
1078 1539 1205 1618 κιβωτοῦ

193 1645 298 1714 σαφῶς
320 1635 430 1707 εἰδότες
451 1644 562 1716 πρῶτοι
584 1644 660 1708 ναῦς
681 1641 778 1696 ποιεῖν
800 1634 849 1696 καί
873 1634 905 1697 ἐν
923 1641 985 1709 τοῖς
1003 1635 1092 1697 ὕδασι
1109 1633 1206 1697 πλέειν

193 1732 367 1812 ἐπενόησαν.
412 1742 471 1794 τῶν
498 1730 531 1794 δέ
557 1733 678 1794 πάντων
705 1730 752 1794 ἐπί
779 1731 834 1812 τὴν
861 1742 913 1795 τοῦ
935 1733 1051 1815 πύργου
1078 1730 1129 1794 καὶ
1155 1742 1208 1812 τῆς

155 1852 182 1893 τε
195 1830 308 1904 πόλεως
326 1828 518 1911 ὁρμησάντων
537 1830 700 1910 οἰκοδομὴν
718 1827 865 1912 ἀρχηγοὺς
885 1830 1011 1912 ἐχόντων
1033 1827 1094 1911 οβ’,
1117 1830 1207 1910 μόνος

188 1928 279 2009 Ἔβερ
306 1927 343 1990 οό
371 1927 512 1991 συνέθετο
540 1937 575 2013 τῇ
601 1928 714 1990 τούτων
741 1926 883 2014 ἀλογίστῳ
909 1928 1038 2013 ἐργασίᾳ.
1084 1927 1130 1991 διὸ
1158 1927 1207 1990 καλ

194 2028 315 2090 πόντων
347 2028 382 2088 αί
405 2031 533 2108 γλῶσσαι
560 2026 771 2106 συνεχύθησαν
798 2036 857 2087 τῶν
879 2026 1129 2108 συντεθειμένων,
1158 2026 1208 2088 καὶ

195 2127 238 2200 είς
258 2121 311 2206 οβ’
328 2125 461 2207 γλώσσας
483 2123 694 2208 διαιρεθέντων
716 2123 789 2186 κατὰ
807 2123 859 2186 τὸν
876 2123 1008 2206 ἀριθμὸν
1025 2135 1085 2186 τῶν
1103 2123 1208 2207 όιρχόν·

113 2248 138 2288 τε
152 2246 184 2287 α.
197 2248 256 2286 των
279 2223 378 2286 αότῶν
400 2222 450 2284 καί
468 2223 510 2296 είς
528 2221 799 2304 ἀνομοιογλωσσίαν
821 2221 881 2285 ὑπὸ
899 2231 952 2284 τοῦ
969 2223 1136 2302 πνεύματος
1158 2221 1208 2283 καὶ

159 2332 251 2403 κυνῆς
275 2321 390 2396 δικαίας
412 2318 503 2404 όργης
524 2319 730 2400 ἐλαυνομένων
757 2319 806 2383 καί
828 2319 1087 2401 ὃιασπασθέντων,
1114 2320 1208 2405 τούτῳ

197 2422 278 2504 μόνῳ
301 2420 373 2493 θεὸς
401 2418 456 2480 οὐκ
483 2417 616 2501 ἐστέρησε
642 2417 699 2497 τὴν
721 2416 845 2499 ἀρχαίαν
872 2416 988 2496 φωνην.
1034 2417 1107 2479 ὅθεν
1134 2417 1209 2479 ἀπο-

268 2622 284 2668 7
302 2615 416 2684 Joseph.
431 2616 496 2669 Ant.
508 2615 530 2681 Ι,
541 2619 592 2669 109
601 2632 656 2686 sqq.
672 2647 705 2656 -
727 2621 831 2670 12-14
850 2617 884 2682 ef.
899 2615 1038 2685 Εεοοτρίικ
1053 2615 1113 2670 cod.
1128 2614 1208 2670 Paris

199 2693 275 2742 1630.
295 2703 340 2757 ορ.
359 2686 462 2740 ΜιῖΗοτ
479 2685 571 2756 Frgm.
590 2687 663 2742 Hist.
683 2701 774 2758 graec.
798 2686 837 2741 IV
854 2705 885 2756 γ.
905 2693 955 2742 541
975 2693 990 2754 g
1010 2691 1050 2742 15.
1072 2717 1105 2728 -
1135 2693 1209 2741 15-

193 2776 223 2830 p.
239 2764 282 2826 53,
296 2764 313 2811 4
332 2760 366 2827 cf.
386 2758 441 2812 Leo
461 2756 582 2811 Gramm.
597 2775 627 2826 p.
644 2763 686 2825 13,
700 2764 781 2829 4ερη.
810 2757 925 2813 Oedren.
939 2758 952 2812 I
966 2764 1054 2829 ματ,
1070 2765 1111 2812 14.

269 2914 286 2963 4
306 2907 357 3004 φχ’
373 2907 436 2962 RW
453 2914 528 2963 τίαν
544 2907 687 2964 υόΗτκ.
703 2913 727 2962 1.
748 2941 781 2950 -
806 2910 872 3000 6βέ
890 2926 941 2965 om.
962 2909 1042 2965 CLV.
1066 2941 1101 2951 -
1125 2915 1141 2961 7
1161 2908 1211 2964 ίώ-

198 2983 358 3122 {maz
373 2978 517 3105 &fa-'¹5⁶1
530 2979 997 3120 ἐλλελίελλίλλλιλξλ
1013 2979 1209 3122 ρ’..ἱζὶλξῗλ

198 3121 339 3192 κατερέρρ.
355 3122 387 3189 L)
406 3121 528 3176 OFLNV
550 3121 752 3190 καταρρέριπτο
771 3122 794 3176 Β
813 3120 1020 3192 (κατερρίπτετο
1034 3123 1073 3194 Ρ).
1093 3154 1127 3164 -
1146 3131 1229 3194 ματᾷ·

198 3196 249 3265 τὴν
267 3194 409 3288 ἀνάβασιν
422 3193 480 3248 RV.
497 3224 533 3234 -
553 3199 586 3247 13
605 3194 654 3248 καλ
672 3193 777 3256 ἐντοῖς
795 3191 880 3248 ὕδασι
897 3192 1027 3250 πλέεινΡ
1048 3195 1098 3249 καλ
1116 3193 1209 3249 πλέειν

199 3268 230 3322 ἐν
247 3275 307 3330 τοῖς
323 3267 424 3322 υόασιν
442 3263 489 3318 AF
515 3264 546 3319 ἐν
562 3273 622 3326 τοῖς
638 3263 724 3320 όόασι
740 3266 790 3320 καλ
802 3263 896 3321 πλέειν
913 3265 973 3320 rell.
993 3297 1027 3306 —
1047 3272 1080 3320 15
1099 3266 1210 3321 οἰκοδο-

199 3346 261 3407 μεῖν
275 3335 343 3390 ΑΟΙι
361 3343 387 3392 εί
399 3335 430 3404 Ρ,
448 3337 497 3408 qui
513 3337 564 3406 τὴν
582 3353 606 3392 ν.
623 3342 657 3390 14
675 3338 772 3393 omisit.
792 3369 825 3378 -
846 3343 878 3391 17
898 3353 964 3393 συνε
982 3336 1091 3406 έθησαν
1104 3336 1159 3392 ΕΟ.
1174 3369 1209 3378 -

200 3413 353 3464 τοιοῦτον
371 3408 486 3478 (τοότων
504 3407 541 3478 Η)
559 3405 647 3477 μόνον
665 3407 722 3462 FN.
741 3439 777 3450 -
795 3413 828 3463 21
848 3407 863 3462 ὃ
881 3409 951 3472 θεὸς
991 3407 1059 3462 ΗΜ.

272 3564 287 3611 7
307 3555 355 3628 ἐφ’
376 3554 409 3614 οὗ
428 3557 579 3630 ὁμόφωνον
601 3558 734 3685 όποίρχριν
757 3556 886 3628 τὸγένος
908 3578 930 3613 τ.
950 3559 1036 3628 ἀνθρ.
1056 3557 1093 3622 ὥς
1111 3579 1141 3628 φ.
1162 3560 1209 3614 ίόι-

201 3646 288 3699 σηπος
304 3630 334 3683 Ρ.
355 3661 388 3672 -
409 3636 441 3684 10
460 3631 510 3701 τὴν
528 3631 577 3685 καλ
595 3632 664 3703 Βαβ.
708 3673 713 3684 .
