<?xml version="1.0" encoding="UTF-8"?>
<!DOCTYPE html PUBLIC "-//W3C//DTD XHTML 1.0 Transitional//EN"
    "http://www.w3.org/TR/xhtml1/DTD/xhtml1-transitional.dtd">
<html xmlns="http://www.w3.org/1999/xhtml" xml:lang="en" lang="en">
 <head>
  <title>
</title>
<meta http-equiv="Content-Type" content="text/html;charset=utf-8" />
  <meta name='ocr-system' content='tesseract 3.04.00' />
  <meta name='ocr-capabilities' content='ocr_page ocr_carea ocr_par ocr_line ocrx_word'/>
</head>
<body>
  <div class='ocr_page' id='page_1' title='image "./georgiimonachic01boorgoog_0269.png"; bbox 0 0 2617 3909; ppageno 0'>
   <div class='ocr_carea' id='block_1_1' title="bbox 527 222 1175 290">
    <p class='ocr_par' dir='ltr' id='par_1_1' title="bbox 527 222 1175 290">
     <span class='ocr_line' id='line_1_1' title="bbox 527 222 1175 290; baseline 0.006 -20"><span class='ocrx_word' id='word_1_1' title='bbox 527 249 530 251; x_wconf 13' lang='grc' dir='ltr'><strong>Α</strong></span> <span class='ocrx_word' id='word_1_2' title='bbox 569 222 759 274; x_wconf 73' lang='grc' dir='ltr'><strong><em>ΧΡοΝΙΚοΝ</em></strong></span> <span class='ocrx_word' id='word_1_3' title='bbox 1112 226 1175 290; x_wconf 79' lang='lat'><strong><em>181</em></strong></span> 
     </span>
    </p>
   </div>
   <div class='ocr_carea' id='block_1_2' title="bbox 155 363 1278 2696">
    <p class='ocr_par' dir='ltr' id='par_1_2' title="bbox 155 363 1278 2110">
     <span class='ocr_line' id='line_1_2' title="bbox 158 363 1177 456; baseline 0.009 -30"><span class='ocrx_word' id='word_1_4' title='bbox 158 375 236 447; x_wconf 89' lang='grc' dir='ltr'><strong><em>γοῦν</em></strong></span> <span class='ocrx_word' id='word_1_5' title='bbox 258 363 337 444; x_wconf 85' lang='grc' dir='ltr'><strong><em>ήμῦς</em></strong></span> <span class='ocrx_word' id='word_1_6' title='bbox 360 364 376 427; x_wconf 89' lang='grc' dir='ltr'><strong><em>δ</em></strong></span> <span class='ocrx_word' id='word_1_7' title='bbox 399 367 485 448; x_wconf 98' lang='grc' dir='ltr'><strong><em>λόγος</em></strong></span> <span class='ocrx_word' id='word_1_8' title='bbox 508 367 549 447; x_wconf 83' lang='grc' dir='ltr'><strong><em>μή</em></strong></span> <span class='ocrx_word' id='word_1_9' title='bbox 571 369 768 449; x_wconf 77' lang='grc' dir='ltr'><strong><em>παραβαίνειν</em></strong></span> <span class='ocrx_word' id='word_1_10' title='bbox 790 369 842 443; x_wconf 89' lang='grc' dir='ltr'><strong><em>τδις</em></strong></span> <span class='ocrx_word' id='word_1_11' title='bbox 860 369 908 432; x_wconf 84' lang='grc' dir='ltr'><strong><em>ἰπί</em></strong></span> <span class='ocrx_word' id='word_1_12' title='bbox 926 378 1002 433; x_wconf 93' lang='grc' dir='ltr'><strong><em>θεοῦ</em></strong></span> <span class='ocrx_word' id='word_1_13' title='bbox 1020 372 1177 456; x_wconf 85' lang='grc' dir='ltr'><strong><em>γινομένας</em></strong></span> 
     </span>
     <span class='ocr_line' id='line_1_3' title="bbox 157 457 1176 554; baseline 0.009 -31"><span class='ocrx_word' id='word_1_14' title='bbox 157 457 229 543; x_wconf 81' lang='grc' dir='ltr'><strong><em>μεθ’</em></strong></span> <span class='ocrx_word' id='word_1_15' title='bbox 255 463 353 547; x_wconf 78' lang='grc' dir='ltr'><strong><em>ὅρκων</em></strong></span> <span class='ocrx_word' id='word_1_16' title='bbox 381 465 551 546; x_wconf 79' lang='grc' dir='ltr'><strong><em>συνθήκας,</em></strong></span> <span class='ocrx_word' id='word_1_17' title='bbox 578 463 635 526; x_wconf 84' lang='grc' dir='ltr'><strong><em>κδιν</em></strong></span> <span class='ocrx_word' id='word_1_18' title='bbox 668 466 709 540; x_wconf 91' lang='grc' dir='ltr'><strong><em>εἰς</em></strong></span> <span class='ocrx_word' id='word_1_19' title='bbox 736 465 833 529; x_wconf 80' lang='grc' dir='ltr'><strong><em>ἀλλων</em></strong></span> <span class='ocrx_word' id='word_1_20' title='bbox 861 465 1007 547; x_wconf 83' lang='grc' dir='ltr'><strong><em>ὠφέλειαν</em></strong></span> <span class='ocrx_word' id='word_1_21' title='bbox 1034 467 1053 550; x_wconf 87' lang='grc' dir='ltr'><strong><em>ή</em></strong></span> <span class='ocrx_word' id='word_1_22' title='bbox 1081 472 1176 554; x_wconf 83' lang='grc' dir='ltr'><strong><em>παρδ-</em></strong></span> 
     </span>
     <span class='ocr_line' id='line_1_4' title="bbox 156 553 1278 650; baseline 0.008 -29"><span class='ocrx_word' id='word_1_23' title='bbox 156 563 245 641; x_wconf 85' lang='grc' dir='ltr'><strong><em>βασις</em></strong></span> <span class='ocrx_word' id='word_1_24' title='bbox 266 563 385 643; x_wconf 89' lang='grc' dir='ltr'><strong><em>γίνεται.</em></strong></span> <span class='ocrx_word' id='word_1_25' title='bbox 431 560 549 644; x_wconf 82' lang='grc' dir='ltr'><strong><em>ἀγνοῶν</em></strong></span> <span class='ocrx_word' id='word_1_26' title='bbox 572 561 604 625; x_wconf 81' lang='grc' dir='ltr'><strong><em>δέ</em></strong></span> <span class='ocrx_word' id='word_1_27' title='bbox 626 562 682 642; x_wconf 77' lang='grc' dir='ltr'><strong><em>τήν</em></strong></span> <span class='ocrx_word' id='word_1_28' title='bbox 708 565 805 626; x_wconf 80' lang='grc' dir='ltr'><strong><em>αἰτίαν</em></strong></span> <span class='ocrx_word' id='word_1_29' title='bbox 829 563 845 627; x_wconf 88' lang='grc' dir='ltr'><strong><em>δ</em></strong></span> <span class='ocrx_word' id='word_1_30' title='bbox 867 566 967 629; x_wconf 83' lang='grc' dir='ltr'><strong><em>Λαυίδ</em></strong></span> <span class='ocrx_word' id='word_1_31' title='bbox 989 553 1042 646; x_wconf 80' lang='grc' dir='ltr'><strong><em>τῆς</em></strong></span> <span class='ocrx_word' id='word_1_32' title='bbox 1064 570 1175 650; x_wconf 84' lang='grc' dir='ltr'><strong><em>θεηλά-</em></strong></span> <span class='ocrx_word' id='word_1_33' title='bbox 1190 592 1230 634; x_wconf 75' lang='grc' dir='ltr'><strong><em>ιιι</em></strong></span> <span class='ocrx_word' id='word_1_34' title='bbox 1243 591 1278 630; x_wconf 79' lang='grc' dir='ltr'><strong><em>Μ.</em></strong></span> 
     </span>
     <span class='ocr_line' id='line_1_5' title="bbox 156 661 1177 745; baseline 0.008 -25"><span class='ocrx_word' id='word_1_35' title='bbox 156 682 211 721; x_wconf 94' lang='grc' dir='ltr'><strong><em>του</em></strong></span> <span class='ocrx_word' id='word_1_36' title='bbox 235 665 351 741; x_wconf 79' lang='grc' dir='ltr'><em>πληγῆς</em></span> <span class='ocrx_word' id='word_1_37' title='bbox 372 669 426 721; x_wconf 86' lang='grc' dir='ltr'><strong><em>τοῦ</em></strong></span> <span class='ocrx_word' id='word_1_38' title='bbox 449 665 537 740; x_wconf 89' lang='grc' dir='ltr'><strong><em>λιμοῦ</em></strong></span> <span class='ocrx_word' id='word_1_39' title='bbox 563 661 616 723; x_wconf 88' lang='grc' dir='ltr'><strong><em>τὸν</em></strong></span> <span class='ocrx_word' id='word_1_40' title='bbox 639 663 714 723; x_wconf 83' lang='grc' dir='ltr'><strong><em>θεὸν</em></strong></span> <span class='ocrx_word' id='word_1_41' title='bbox 738 661 904 745; x_wconf 76' lang='grc' dir='ltr'><strong><em>ἠρώτησεν,</em></strong></span> <span class='ocrx_word' id='word_1_42' title='bbox 931 664 981 726; x_wconf 83' lang='grc' dir='ltr'><strong><em>καὶ</em></strong></span> <span class='ocrx_word' id='word_1_43' title='bbox 1005 665 1113 745; x_wconf 84' lang='grc' dir='ltr'><strong><em>μαθὼν</em></strong></span> <span class='ocrx_word' id='word_1_44' title='bbox 1132 665 1177 740; x_wconf 60' lang='grc' dir='ltr'><strong><em>Υδος</em></strong></span> 
     </span>
     <span class='ocr_line' id='line_1_6' title="bbox 157 755 1218 843; baseline 0.008 -25"><span class='ocrx_word' id='word_1_45' title='bbox 157 755 257 818; x_wconf 64' lang='grc' dir='ltr'><strong><em>ἕνεκεν</em></strong></span> <span class='ocrx_word' id='word_1_46' title='bbox 289 767 342 837; x_wconf 78' lang='grc' dir='ltr'><strong><em>τῆς</em></strong></span> <span class='ocrx_word' id='word_1_47' title='bbox 373 766 433 819; x_wconf 81' lang='grc' dir='ltr'><strong><em>τῶν</em></strong></span> <span class='ocrx_word' id='word_1_48' title='bbox 463 761 664 838; x_wconf 80' lang='grc' dir='ltr'><strong><em>Γαβαωνιτῦν</em></strong></span> <span class='ocrx_word' id='word_1_49' title='bbox 696 757 803 821; x_wconf 80' lang='grc' dir='ltr'><strong><em>ἀδίκου</em></strong></span> <span class='ocrx_word' id='word_1_50' title='bbox 834 760 1011 843; x_wconf 76' lang='grc' dir='ltr'><strong><em>ἀναιρέσεως</em></strong></span> <span class='ocrx_word' id='word_1_51' title='bbox 1043 764 1218 837; x_wconf 78' lang='grc' dir='ltr'><strong><em>εὐθῦναςσ</em></strong></span> 
     </span>
     <span class='ocr_line' id='line_1_7' title="bbox 156 855 1176 942; baseline 0.006 -26"><span class='ocrx_word' id='word_1_52' title='bbox 156 855 389 938; x_wconf 76' lang='grc' dir='ltr'><strong><em>εἰσπράττονται,</em></strong></span> <span class='ocrx_word' id='word_1_53' title='bbox 413 855 514 930; x_wconf 79' lang='grc' dir='ltr'><strong><em>αὐτοῖς</em></strong></span> <span class='ocrx_word' id='word_1_54' title='bbox 536 856 660 930; x_wconf 80' lang='grc' dir='ltr'><strong><em>ἐκείνοις</em></strong></span> <span class='ocrx_word' id='word_1_55' title='bbox 687 856 828 938; x_wconf 75' lang='grc' dir='ltr'><strong><em>ἐχρήσατο</em></strong></span> <span class='ocrx_word' id='word_1_56' title='bbox 851 866 964 940; x_wconf 82' lang='grc' dir='ltr'><strong><em>κριταῖς</em></strong></span> <span class='ocrx_word' id='word_1_57' title='bbox 986 867 1048 935; x_wconf 83' lang='grc' dir='ltr'><strong><em>τοῖς</em></strong></span> <span class='ocrx_word' id='word_1_58' title='bbox 1070 862 1176 942; x_wconf 87' lang='grc' dir='ltr'><strong><em>ήδικη-</em></strong></span> 
     </span>
     <span class='ocr_line' id='line_1_8' title="bbox 157 950 1179 1038; baseline 0.007 -24"><span class='ocrx_word' id='word_1_59' title='bbox 157 952 259 1033; x_wconf 81' lang='grc' dir='ltr'><strong><em>μένοις</em></strong></span> <span class='ocrx_word' id='word_1_60' title='bbox 282 950 387 1035; x_wconf 85' lang='grc' dir='ltr'><strong><em>λέγων·</em></strong></span> <span class='ocrx_word' id='word_1_61' title='bbox 409 954 440 1014; x_wconf 90' lang='grc' dir='ltr'><strong><em>τί</em></strong></span> <span class='ocrx_word' id='word_1_62' title='bbox 460 955 575 1033; x_wconf 91' lang='grc' dir='ltr'><strong><em>ποιήσω</em></strong></span> <span class='ocrx_word' id='word_1_63' title='bbox 598 953 686 1033; x_wconf 80' lang='grc' dir='ltr'><strong><em>δμῖν;</em></strong></span> <span class='ocrx_word' id='word_1_64' title='bbox 712 955 762 1016; x_wconf 89' lang='grc' dir='ltr'><strong><em>καί</em></strong></span> <span class='ocrx_word' id='word_1_65' title='bbox 784 956 816 1017; x_wconf 84' lang='grc' dir='ltr'><strong><em>έν</em></strong></span> <span class='ocrx_word' id='word_1_66' title='bbox 839 958 897 1018; x_wconf 92' lang='grc' dir='ltr'><strong><em>τίνι</em></strong></span> <span class='ocrx_word' id='word_1_67' title='bbox 920 957 1103 1038; x_wconf 78' lang='grc' dir='ltr'><strong><em>έξιλολσομαι;</em></strong></span> <span class='ocrx_word' id='word_1_68' title='bbox 1126 961 1179 1021; x_wconf 87' lang='grc' dir='ltr'><strong><em>καί</em></strong></span> 
     </span>
     <span class='ocr_line' id='line_1_9' title="bbox 158 1047 1178 1134; baseline 0.004 -22"><span class='ocrx_word' id='word_1_69' title='bbox 158 1067 264 1129; x_wconf 84' lang='grc' dir='ltr'><strong><em>φασιν·</em></strong></span> <span class='ocrx_word' id='word_1_70' title='bbox 289 1050 345 1112; x_wconf 81' lang='grc' dir='ltr'><strong><em>οῦκ</em></strong></span> <span class='ocrx_word' id='word_1_71' title='bbox 368 1051 446 1113; x_wconf 79' lang='grc' dir='ltr'><strong><em>ἔστιν</em></strong></span> <span class='ocrx_word' id='word_1_72' title='bbox 469 1047 541 1130; x_wconf 86' lang='grc' dir='ltr'><strong><em>ήμῖν</em></strong></span> <span class='ocrx_word' id='word_1_73' title='bbox 564 1050 708 1133; x_wconf 84' lang='grc' dir='ltr'><strong><em>ἀργύριον</em></strong></span> <span class='ocrx_word' id='word_1_74' title='bbox 736 1051 806 1114; x_wconf 81' lang='grc' dir='ltr'><strong><em>οὐδὲ</em></strong></span> <span class='ocrx_word' id='word_1_75' title='bbox 833 1054 955 1134; x_wconf 83' lang='grc' dir='ltr'><strong><em>χρυσίον</em></strong></span> <span class='ocrx_word' id='word_1_76' title='bbox 979 1055 1050 1133; x_wconf 90' lang='grc' dir='ltr'><strong><em>μετδι</em></strong></span> <span class='ocrx_word' id='word_1_77' title='bbox 1073 1055 1178 1116; x_wconf 83' lang='grc' dir='ltr'><strong><em>Σαοὺλ</em></strong></span> 
     </span>
     <span class='ocr_line' id='line_1_10' title="bbox 156 1148 1177 1230; baseline 0.003 -19"><span class='ocrx_word' id='word_1_78' title='bbox 156 1149 209 1211; x_wconf 83' lang='grc' dir='ltr'><strong><em>καλ</em></strong></span> <span class='ocrx_word' id='word_1_79' title='bbox 232 1148 303 1228; x_wconf 78' lang='grc' dir='ltr'><strong><em>μετὰ</em></strong></span> <span class='ocrx_word' id='word_1_80' title='bbox 328 1158 383 1210; x_wconf 88' lang='grc' dir='ltr'><strong><em>τοῦ</em></strong></span> <span class='ocrx_word' id='word_1_81' title='bbox 406 1150 491 1212; x_wconf 85' lang='grc' dir='ltr'><strong><em>οἰκου</em></strong></span> <span class='ocrx_word' id='word_1_82' title='bbox 518 1149 626 1230; x_wconf 76' lang='grc' dir='ltr'><strong><em>αὐτοῦ,</em></strong></span> <span class='ocrx_word' id='word_1_83' title='bbox 653 1149 704 1211; x_wconf 88' lang='grc' dir='ltr'><strong><em>καί</em></strong></span> <span class='ocrx_word' id='word_1_84' title='bbox 727 1151 783 1212; x_wconf 82' lang='grc' dir='ltr'><strong><em>οὐκ</em></strong></span> <span class='ocrx_word' id='word_1_85' title='bbox 805 1151 884 1212; x_wconf 83' lang='grc' dir='ltr'><strong><em>ἔστιν</em></strong></span> <span class='ocrx_word' id='word_1_86' title='bbox 906 1149 979 1230; x_wconf 85' lang='grc' dir='ltr'><strong><em>ήμῖν</em></strong></span> <span class='ocrx_word' id='word_1_87' title='bbox 1002 1157 1177 1214; x_wconf 80' lang='grc' dir='ltr'><strong><em>θανατῶσαι</em></strong></span> 
     </span>
     <span class='ocr_line' id='line_1_11' title="bbox 156 1241 1219 1329; baseline 0.004 -21"><span class='ocrx_word' id='word_1_88' title='bbox 156 1245 253 1328; x_wconf 82' lang='grc' dir='ltr'><strong><em>ἀνδρα</em></strong></span> <span class='ocrx_word' id='word_1_89' title='bbox 271 1246 304 1308; x_wconf 82' lang='grc' dir='ltr'><strong><em>έκ</em></strong></span> <span class='ocrx_word' id='word_1_90' title='bbox 321 1246 432 1321; x_wconf 87' lang='grc' dir='ltr'><strong><em>παντὸς</em></strong></span> <span class='ocrx_word' id='word_1_91' title='bbox 443 1243 569 1329; x_wconf 89' lang='grc' dir='ltr'><strong><em>Ἰσραήλ,</em></strong></span> <span class='ocrx_word' id='word_1_92' title='bbox 583 1241 646 1309; x_wconf 88' lang='grc' dir='ltr'><strong><em>ἀλλ’</em></strong></span> <span class='ocrx_word' id='word_1_93' title='bbox 664 1245 679 1308; x_wconf 86' lang='grc' dir='ltr'><strong><em>δ</em></strong></span> <span class='ocrx_word' id='word_1_94' title='bbox 698 1247 775 1329; x_wconf 75' lang='grc' dir='ltr'><strong><em>ἀνὴρ</em></strong></span> <span class='ocrx_word' id='word_1_95' title='bbox 796 1247 811 1310; x_wconf 86' lang='grc' dir='ltr'><strong><em>δ</em></strong></span> <span class='ocrx_word' id='word_1_96' title='bbox 827 1249 935 1322; x_wconf 82' lang='grc' dir='ltr'><strong><em>διώξας</em></strong></span> <span class='ocrx_word' id='word_1_97' title='bbox 949 1247 1028 1328; x_wconf 83' lang='grc' dir='ltr'><strong><em>ήμᾶς</em></strong></span> <span class='ocrx_word' id='word_1_98' title='bbox 1040 1247 1091 1310; x_wconf 82' lang='grc' dir='ltr'><strong><em>καλ</em></strong></span> <span class='ocrx_word' id='word_1_99' title='bbox 1105 1255 1219 1312; x_wconf 67' lang='grc' dir='ltr'><strong><em>συν-’ἑο</em></strong></span> 
     </span>
     <span class='ocr_line' id='line_1_12' title="bbox 155 1343 1177 1430; baseline 0.002 -24"><span class='ocrx_word' id='word_1_100' title='bbox 155 1343 283 1424; x_wconf 77' lang='grc' dir='ltr'><strong><em>τελέσας,</em></strong></span> <span class='ocrx_word' id='word_1_101' title='bbox 305 1343 356 1405; x_wconf 81' lang='grc' dir='ltr'><strong><em>καί</em></strong></span> <span class='ocrx_word' id='word_1_102' title='bbox 379 1343 475 1425; x_wconf 77' lang='grc' dir='ltr'><strong><em>ὥσπερ</em></strong></span> <span class='ocrx_word' id='word_1_103' title='bbox 499 1343 648 1426; x_wconf 75' lang='grc' dir='ltr'><strong><em>ἐλογίσατο</em></strong></span> <span class='ocrx_word' id='word_1_104' title='bbox 673 1343 751 1425; x_wconf 82' lang='grc' dir='ltr'><strong><em>ήμᾶς</em></strong></span> <span class='ocrx_word' id='word_1_105' title='bbox 773 1346 997 1430; x_wconf 82' lang='grc' dir='ltr'><strong><em>έξολοθρεῦσαι,</em></strong></span> <span class='ocrx_word' id='word_1_106' title='bbox 1023 1345 1177 1424; x_wconf 83' lang='grc' dir='ltr'><strong><em>ἀφανίσω-</em></strong></span> 
     </span>
     <span class='ocr_line' id='line_1_13' title="bbox 157 1439 1178 1529; baseline 0.004 -27"><span class='ocrx_word' id='word_1_107' title='bbox 157 1465 212 1522; x_wconf 80' lang='grc' dir='ltr'><strong><em>μεν</em></strong></span> <span class='ocrx_word' id='word_1_108' title='bbox 235 1441 327 1504; x_wconf 78' lang='grc' dir='ltr'><strong><em>αὐτὸν</em></strong></span> <span class='ocrx_word' id='word_1_109' title='bbox 349 1451 402 1503; x_wconf 90' lang='grc' dir='ltr'><strong><em>τοῦ</em></strong></span> <span class='ocrx_word' id='word_1_110' title='bbox 426 1441 466 1521; x_wconf 80' lang='grc' dir='ltr'><strong><em>μή</em></strong></span> <span class='ocrx_word' id='word_1_111' title='bbox 490 1441 759 1505; x_wconf 87' lang='grc' dir='ltr'><strong><em>ἀντικαθίστασθαι</em></strong></span> <span class='ocrx_word' id='word_1_112' title='bbox 780 1443 869 1505; x_wconf 83' lang='grc' dir='ltr'><strong><em>παντί</em></strong></span> <span class='ocrx_word' id='word_1_113' title='bbox 888 1441 959 1529; x_wconf 80' lang='grc' dir='ltr'><strong><em>δρίηο</em></strong></span> <span class='ocrx_word' id='word_1_114' title='bbox 979 1439 1104 1525; x_wconf 88' lang='grc' dir='ltr'><strong><em>Ἰσραήλ,</em></strong></span> <span class='ocrx_word' id='word_1_115' title='bbox 1127 1443 1178 1506; x_wconf 84' lang='grc' dir='ltr'><strong><em>καλ</em></strong></span> 
     </span>
     <span class='ocr_line' id='line_1_14' title="bbox 160 1537 1207 1624; baseline 0.001 -23"><span class='ocrx_word' id='word_1_116' title='bbox 160 1539 341 1618; x_wconf 89' lang='grc' dir='ltr'><strong><em>δοθήτωσαν</em></strong></span> <span class='ocrx_word' id='word_1_117' title='bbox 363 1537 437 1619; x_wconf 85' lang='grc' dir='ltr'><strong><em>ήμῐν</em></strong></span> <span class='ocrx_word' id='word_1_118' title='bbox 460 1537 566 1622; x_wconf 81' lang='grc' dir='ltr'><strong><em>ἀνδρες</em></strong></span> <span class='ocrx_word' id='word_1_119' title='bbox 589 1539 616 1614; x_wconf 79' lang='grc' dir='ltr'><strong><em>ζ’</em></strong></span> <span class='ocrx_word' id='word_1_120' title='bbox 634 1541 667 1603; x_wconf 83' lang='grc' dir='ltr'><strong><em>έκ</em></strong></span> <span class='ocrx_word' id='word_1_121' title='bbox 685 1551 744 1602; x_wconf 81' lang='grc' dir='ltr'><strong><em>τῶν</em></strong></span> <span class='ocrx_word' id='word_1_122' title='bbox 762 1542 838 1603; x_wconf 81' lang='grc' dir='ltr'><strong><em>υίῶν</em></strong></span> <span class='ocrx_word' id='word_1_123' title='bbox 857 1541 960 1621; x_wconf 79' lang='grc' dir='ltr'><strong><em>αὐτοῦ,</em></strong></span> <span class='ocrx_word' id='word_1_124' title='bbox 979 1540 1029 1603; x_wconf 87' lang='grc' dir='ltr'><strong><em>καί</em></strong></span> <span class='ocrx_word' id='word_1_125' title='bbox 1047 1541 1178 1624; x_wconf 79' lang='grc' dir='ltr'><strong><em>έξιλασό-</em></strong></span> <span class='ocrx_word' id='word_1_126' title='bbox 1203 1546 1207 1550; x_wconf 80' lang='grc'><strong>’</strong></span> 
     </span>
     <span class='ocr_line' id='line_1_15' title="bbox 162 1631 1176 1724; baseline -0.001 -25"><span class='ocrx_word' id='word_1_127' title='bbox 162 1645 242 1718; x_wconf 91' lang='grc' dir='ltr'><strong><em>μεθα</em></strong></span> <span class='ocrx_word' id='word_1_128' title='bbox 264 1637 297 1698; x_wconf 80' lang='grc' dir='ltr'><strong><em>έν</em></strong></span> <span class='ocrx_word' id='word_1_129' title='bbox 319 1637 421 1711; x_wconf 75' lang='grc' dir='ltr'><strong><em>αὐτοῖς</em></strong></span> <span class='ocrx_word' id='word_1_130' title='bbox 442 1639 536 1724; x_wconf 82' lang='grc' dir='ltr'><strong><em>κυρίηο</em></strong></span> <span class='ocrx_word' id='word_1_131' title='bbox 559 1639 592 1700; x_wconf 87' lang='grc' dir='ltr'><strong><em>έν</em></strong></span> <span class='ocrx_word' id='word_1_132' title='bbox 614 1645 654 1723; x_wconf 77' lang='grc' dir='ltr'><strong><em>τῷ</em></strong></span> <span class='ocrx_word' id='word_1_133' title='bbox 674 1631 780 1724; x_wconf 81' lang='grc' dir='ltr'><strong><em>βουνῷ-</em></strong></span> <span class='ocrx_word' id='word_1_134' title='bbox 792 1649 846 1700; x_wconf 90' lang='grc' dir='ltr'><strong><em>τοῦ</em></strong></span> <span class='ocrx_word' id='word_1_135' title='bbox 867 1640 978 1700; x_wconf 83' lang='grc' dir='ltr'><strong><em>Σαούλ.</em></strong></span> <span class='ocrx_word' id='word_1_136' title='bbox 1024 1638 1056 1700; x_wconf 84' lang='grc' dir='ltr'><strong><em>έν</em></strong></span> <span class='ocrx_word' id='word_1_137' title='bbox 1075 1638 1176 1724; x_wconf 83' lang='grc' dir='ltr'><strong><em>έκείνηο</em></strong></span> 
     </span>
     <span class='ocr_line' id='line_1_16' title="bbox 156 1734 1217 1820; baseline -0.001 -24"><span class='ocrx_word' id='word_1_138' title='bbox 156 1738 260 1798; x_wconf 90' lang='grc' dir='ltr'><strong><em>τοίνυν</em></strong></span> <span class='ocrx_word' id='word_1_139' title='bbox 291 1741 331 1819; x_wconf 80' lang='grc' dir='ltr'><strong><em>τῷ</em></strong></span> <span class='ocrx_word' id='word_1_140' title='bbox 363 1736 459 1820; x_wconf 79' lang='grc' dir='ltr'><strong><em>χωρίῳ</em></strong></span> <span class='ocrx_word' id='word_1_141' title='bbox 491 1735 562 1809; x_wconf 82' lang='grc' dir='ltr'><strong><em>τοὺς</em></strong></span> <span class='ocrx_word' id='word_1_142' title='bbox 595 1734 774 1809; x_wconf 75' lang='grc' dir='ltr'><strong><em>ἐκδοθέντας</em></strong></span> <span class='ocrx_word' id='word_1_143' title='bbox 810 1737 911 1810; x_wconf 76' lang='grc' dir='ltr'><strong><em>αὐτοῖς</em></strong></span> <span class='ocrx_word' id='word_1_144' title='bbox 943 1736 1176 1798; x_wconf 85' lang='grc' dir='ltr'><strong><em>ἀνεσκολόπισαν</em></strong></span> <span class='ocrx_word' id='word_1_145' title='bbox 1191 1747 1217 1796; x_wconf 71' lang='grc' dir='ltr'><strong><em>ει</em></strong></span> 
     </span>
     <span class='ocr_line' id='line_1_17' title="bbox 156 1820 1177 1924; baseline -0.002 -29"><span class='ocrx_word' id='word_1_146' title='bbox 156 1831 279 1915; x_wconf 80' lang='grc' dir='ltr'><strong><em>ἀνδρας,</em></strong></span> <span class='ocrx_word' id='word_1_147' title='bbox 302 1831 334 1894; x_wconf 87' lang='grc' dir='ltr'><strong><em>έν</em></strong></span> <span class='ocrx_word' id='word_1_148' title='bbox 358 1820 381 1917; x_wconf 77' lang='grc' dir='ltr'><em>ᾧ</em></span> <span class='ocrx_word' id='word_1_149' title='bbox 400 1831 452 1906; x_wconf 80' lang='grc' dir='ltr'><strong><em>τὰς</em></strong></span> <span class='ocrx_word' id='word_1_150' title='bbox 474 1833 667 1913; x_wconf 81' lang='grc' dir='ltr'><strong><em>παρανόμους</em></strong></span> <span class='ocrx_word' id='word_1_151' title='bbox 686 1833 843 1914; x_wconf 76' lang='grc' dir='ltr'><strong><em>ἐτόλμησεν</em></strong></span> <span class='ocrx_word' id='word_1_152' title='bbox 862 1834 975 1908; x_wconf 74' lang='grc' dir='ltr'><strong><em>ἐκεῖνος</em></strong></span> <span class='ocrx_word' id='word_1_153' title='bbox 994 1835 1177 1924; x_wconf 82' lang='grc' dir='ltr'><strong><em>μιαιφονίας.</em></strong></span> 
     </span>
     <span class='ocr_line' id='line_1_18' title="bbox 156 1922 1177 2011; baseline -0.001 -18"><span class='ocrx_word' id='word_1_154' title='bbox 156 1925 240 1994; x_wconf 75' lang='grc' dir='ltr'><strong><em>οὗτοι</em></strong></span> <span class='ocrx_word' id='word_1_155' title='bbox 268 1928 300 1992; x_wconf 79' lang='grc' dir='ltr'><strong><em>δέ</em></strong></span> <span class='ocrx_word' id='word_1_156' title='bbox 327 1922 406 2009; x_wconf 87' lang='grc' dir='ltr'><strong><em>ήσαν</em></strong></span> <span class='ocrx_word' id='word_1_157' title='bbox 432 1939 487 1991; x_wconf 88' lang='grc' dir='ltr'><strong><em>τοῦ</em></strong></span> <span class='ocrx_word' id='word_1_158' title='bbox 513 1931 616 1992; x_wconf 81' lang='grc' dir='ltr'><strong><em>Σαοὺλ</em></strong></span> <span class='ocrx_word' id='word_1_159' title='bbox 644 1931 699 1993; x_wconf 83' lang='grc' dir='ltr'><strong><em>δύο</em></strong></span> <span class='ocrx_word' id='word_1_160' title='bbox 730 1930 784 2011; x_wconf 79' lang='grc' dir='ltr'><strong><em>μέν</em></strong></span> <span class='ocrx_word' id='word_1_161' title='bbox 811 1931 872 1994; x_wconf 84' lang='grc' dir='ltr'><strong><em>υίοί</em></strong></span> <span class='ocrx_word' id='word_1_162' title='bbox 899 1932 1004 2011; x_wconf 87' lang='grc' dir='ltr'><strong><em>νόθοι,</em></strong></span> <span class='ocrx_word' id='word_1_163' title='bbox 1032 1930 1117 1994; x_wconf 88' lang='grc' dir='ltr'><strong><em>πέντε</em></strong></span> <span class='ocrx_word' id='word_1_164' title='bbox 1145 1929 1177 1992; x_wconf 82' lang='grc' dir='ltr'><strong><em>δὲ</em></strong></span> 
     </span>
     <span class='ocr_line' id='line_1_19' title="bbox 155 2021 1176 2110; baseline -0.003 -19"><span class='ocrx_word' id='word_1_165' title='bbox 155 2031 233 2091; x_wconf 80' lang='grc' dir='ltr'><strong><em>υἱῶν</em></strong></span> <span class='ocrx_word' id='word_1_166' title='bbox 256 2028 349 2090; x_wconf 78' lang='grc' dir='ltr'><strong><em>αὐτοῦ</em></strong></span> <span class='ocrx_word' id='word_1_167' title='bbox 371 2026 509 2110; x_wconf 83' lang='grc' dir='ltr'><strong><em>δστέρων.</em></strong></span> <span class='ocrx_word' id='word_1_168' title='bbox 553 2038 606 2108; x_wconf 77' lang='grc' dir='ltr'><strong><em>τῆς</em></strong></span> <span class='ocrx_word' id='word_1_169' title='bbox 628 2021 685 2090; x_wconf 84' lang='grc' dir='ltr'><strong><em>οὖν</em></strong></span> <span class='ocrx_word' id='word_1_170' title='bbox 710 2030 850 2109; x_wconf 85' lang='grc' dir='ltr'><strong><em>τιμωρίας</em></strong></span> <span class='ocrx_word' id='word_1_171' title='bbox 875 2026 1073 2109; x_wconf 80' lang='grc' dir='ltr'><strong><em>γεγενημένης</em></strong></span> <span class='ocrx_word' id='word_1_172' title='bbox 1093 2029 1176 2100; x_wconf 82' lang='grc' dir='ltr'><strong><em>λλεως</em></strong></span> 
     </span>
    </p>

    <p class='ocr_par' dir='ltr' id='par_1_3' title="bbox 155 2123 1219 2696">
     <span class='ocr_line' id='line_1_20' title="bbox 157 2123 1176 2206; baseline -0.007 -16"><span class='ocrx_word' id='word_1_173' title='bbox 157 2126 174 2190; x_wconf 85' lang='grc' dir='ltr'><strong><em>δ</em></strong></span> <span class='ocrx_word' id='word_1_174' title='bbox 198 2125 342 2205; x_wconf 83' lang='grc' dir='ltr'><strong><em>δεσπότης</em></strong></span> <span class='ocrx_word' id='word_1_175' title='bbox 364 2124 488 2206; x_wconf 80' lang='grc' dir='ltr'><strong><em>ἐγένετο,</em></strong></span> <span class='ocrx_word' id='word_1_176' title='bbox 510 2125 560 2187; x_wconf 88' lang='grc' dir='ltr'><strong><em>καί</em></strong></span> <span class='ocrx_word' id='word_1_177' title='bbox 583 2123 602 2205; x_wconf 84' lang='grc' dir='ltr'><strong><em>ή</em></strong></span> <span class='ocrx_word' id='word_1_178' title='bbox 626 2136 665 2206; x_wconf 81' lang='grc' dir='ltr'><strong><em>γῆ</em></strong></span> <span class='ocrx_word' id='word_1_179' title='bbox 688 2126 739 2186; x_wconf 82' lang='grc' dir='ltr'><strong><em>τὸν</em></strong></span> <span class='ocrx_word' id='word_1_180' title='bbox 763 2125 793 2199; x_wconf 85' lang='grc' dir='ltr'><strong><em>έξ</em></strong></span> <span class='ocrx_word' id='word_1_181' title='bbox 815 2125 907 2198; x_wconf 77' lang='grc' dir='ltr'><strong><em>ἔθους</em></strong></span> <span class='ocrx_word' id='word_1_182' title='bbox 925 2124 1041 2205; x_wconf 89' lang='grc' dir='ltr'><strong><em>καρπὸν</em></strong></span> <span class='ocrx_word' id='word_1_183' title='bbox 1059 2125 1176 2185; x_wconf 77' lang='grc' dir='ltr'><strong><em>ἔδωκεν.</em></strong></span> 
     </span>
     <span class='ocr_line' id='line_1_21' title="bbox 155 2219 1219 2305; baseline -0.003 -20"><span class='ocrx_word' id='word_1_184' title='bbox 155 2223 241 2305; x_wconf 83' lang='grc' dir='ltr'><strong><em>ήμεῖς</em></strong></span> <span class='ocrx_word' id='word_1_185' title='bbox 264 2221 297 2285; x_wconf 81' lang='grc' dir='ltr'><strong><em>δέ</em></strong></span> <span class='ocrx_word' id='word_1_186' title='bbox 325 2223 520 2303; x_wconf 77' lang='grc' dir='ltr'><strong><em>μανθάνομεν</em></strong></span> <span class='ocrx_word' id='word_1_187' title='bbox 544 2222 593 2284; x_wconf 75' lang='grc' dir='ltr'><strong><em>διὰ</em></strong></span> <span class='ocrx_word' id='word_1_188' title='bbox 619 2223 748 2303; x_wconf 82' lang='grc' dir='ltr'><strong><em>τούτων,</em></strong></span> <span class='ocrx_word' id='word_1_189' title='bbox 777 2221 817 2296; x_wconf 81' lang='grc' dir='ltr'><strong><em>δος</em></strong></span> <span class='ocrx_word' id='word_1_190' title='bbox 845 2221 950 2304; x_wconf 92' lang='grc' dir='ltr'><strong><em>γένους</em></strong></span> <span class='ocrx_word' id='word_1_191' title='bbox 978 2219 994 2282; x_wconf 85' lang='grc' dir='ltr'><strong><em>δ</em></strong></span> <span class='ocrx_word' id='word_1_192' title='bbox 1022 2220 1094 2294; x_wconf 86' lang='grc' dir='ltr'><strong><em>θεὸς</em></strong></span> <span class='ocrx_word' id='word_1_193' title='bbox 1121 2221 1176 2282; x_wconf 83' lang='grc' dir='ltr'><strong><em>οὐκ</em></strong></span> <span class='ocrx_word' id='word_1_194' title='bbox 1191 2227 1219 2282; x_wconf 79' lang='grc' dir='ltr'><strong><em>ιο</em></strong></span> 
     </span>
     <span class='ocr_line' id='line_1_22' title="bbox 156 2309 1177 2402; baseline -0.005 -18"><span class='ocrx_word' id='word_1_195' title='bbox 156 2317 219 2384; x_wconf 86' lang='grc' dir='ltr'><strong><em>οἰδε</em></strong></span> <span class='ocrx_word' id='word_1_196' title='bbox 243 2321 403 2402; x_wconf 81' lang='grc' dir='ltr'><strong><em>διαφοράν,</em></strong></span> <span class='ocrx_word' id='word_1_197' title='bbox 426 2320 500 2382; x_wconf 84' lang='grc' dir='ltr'><strong><em>ἀλλὰ</em></strong></span> <span class='ocrx_word' id='word_1_198' title='bbox 521 2327 583 2394; x_wconf 84' lang='grc' dir='ltr'><strong><em>τοῖς</em></strong></span> <span class='ocrx_word' id='word_1_199' title='bbox 605 2319 809 2401; x_wconf 75' lang='grc' dir='ltr'><strong><em>ἠδικημένοις,</em></strong></span> <span class='ocrx_word' id='word_1_200' title='bbox 831 2318 889 2381; x_wconf 81' lang='grc' dir='ltr'><strong><em>κάν</em></strong></span> <span class='ocrx_word' id='word_1_201' title='bbox 911 2319 1076 2401; x_wconf 81' lang='grc' dir='ltr'><strong><em>ἀλλογενεῖς</em></strong></span> <span class='ocrx_word' id='word_1_202' title='bbox 1094 2309 1177 2398; x_wconf 82' lang='grc' dir='ltr'><strong><em>δοσιν,</em></strong></span> 
     </span>
     <span class='ocr_line' id='line_1_23' title="bbox 155 2416 1179 2499; baseline -0.006 -16"><span class='ocrx_word' id='word_1_203' title='bbox 155 2420 300 2499; x_wconf 84' lang='grc' dir='ltr'><strong><em>έπαμύνει</em></strong></span> <span class='ocrx_word' id='word_1_204' title='bbox 332 2419 469 2499; x_wconf 87' lang='grc' dir='ltr'><strong><em>δικαίως,</em></strong></span> <span class='ocrx_word' id='word_1_205' title='bbox 496 2419 524 2480; x_wconf 84' lang='grc' dir='ltr'><strong><em>εἰ</em></strong></span> <span class='ocrx_word' id='word_1_206' title='bbox 549 2417 599 2479; x_wconf 88' lang='grc' dir='ltr'><strong><em>καί</em></strong></span> <span class='ocrx_word' id='word_1_207' title='bbox 627 2417 707 2499; x_wconf 82' lang='grc' dir='ltr'><strong><em>παρὰ</em></strong></span> <span class='ocrx_word' id='word_1_208' title='bbox 737 2419 832 2492; x_wconf 83' lang='grc' dir='ltr'><strong><em>πόδας</em></strong></span> <span class='ocrx_word' id='word_1_209' title='bbox 859 2418 916 2479; x_wconf 82' lang='grc' dir='ltr'><strong><em>οῦκ</em></strong></span> <span class='ocrx_word' id='word_1_210' title='bbox 942 2416 1062 2478; x_wconf 83' lang='grc' dir='ltr'><strong><em>ἀπαιτεῖ</em></strong></span> <span class='ocrx_word' id='word_1_211' title='bbox 1084 2417 1179 2489; x_wconf 89' lang='grc' dir='ltr'><strong><em>δίκας.</em></strong></span> 
     </span>
     <span class='ocr_line' id='line_1_24' title="bbox 158 2512 1179 2598; baseline -0.003 -20"><span class='ocrx_word' id='word_1_212' title='bbox 158 2515 257 2597; x_wconf 87' lang='grc' dir='ltr'><strong><em>ἀμέλει</em></strong></span> <span class='ocrx_word' id='word_1_213' title='bbox 280 2515 335 2598; x_wconf 85' lang='grc' dir='ltr'><strong><em>γὰρ</em></strong></span> <span class='ocrx_word' id='word_1_214' title='bbox 358 2515 408 2577; x_wconf 88' lang='grc' dir='ltr'><strong><em>καί</em></strong></span> <span class='ocrx_word' id='word_1_215' title='bbox 431 2517 494 2579; x_wconf 89' lang='grc' dir='ltr'><strong><em>τότε</em></strong></span> <span class='ocrx_word' id='word_1_216' title='bbox 518 2516 755 2598; x_wconf 81' lang='grc' dir='ltr'><strong><em>μακροθυμήσας</em></strong></span> <span class='ocrx_word' id='word_1_217' title='bbox 778 2515 828 2594; x_wconf 73' lang='grc' dir='ltr'><strong><em>ἔτη</em></strong></span> <span class='ocrx_word' id='word_1_218' title='bbox 852 2512 885 2595; x_wconf 84' lang='grc' dir='ltr'><strong><em>μ’</em></strong></span> <span class='ocrx_word' id='word_1_219' title='bbox 910 2516 986 2577; x_wconf 83' lang='grc' dir='ltr'><strong><em>οότω</em></strong></span> <span class='ocrx_word' id='word_1_220' title='bbox 1010 2513 1061 2588; x_wconf 88' lang='grc' dir='ltr'><strong><em>τδις</em></strong></span> <span class='ocrx_word' id='word_1_221' title='bbox 1084 2513 1179 2576; x_wconf 84' lang='grc' dir='ltr'><strong><em>εόθό-</em></strong></span> 
     </span>
     <span class='ocr_line' id='line_1_25' title="bbox 158 2609 1179 2696; baseline -0.004 -20"><span class='ocrx_word' id='word_1_222' title='bbox 158 2639 214 2688; x_wconf 91' lang='grc' dir='ltr'><strong><em>νας</em></strong></span> <span class='ocrx_word' id='word_1_223' title='bbox 236 2615 436 2696; x_wconf 80' lang='grc' dir='ltr'><strong><em>εἰσπράττεται</em></strong></span> <span class='ocrx_word' id='word_1_224' title='bbox 458 2623 516 2675; x_wconf 90' lang='grc' dir='ltr'><strong><em>νῦν</em></strong></span> <span class='ocrx_word' id='word_1_225' title='bbox 539 2612 587 2676; x_wconf 86' lang='grc' dir='ltr'><strong><em>έπί</em></strong></span> <span class='ocrx_word' id='word_1_226' title='bbox 610 2623 664 2675; x_wconf 89' lang='grc' dir='ltr'><strong><em>τοῦ</em></strong></span> <span class='ocrx_word' id='word_1_227' title='bbox 687 2614 794 2676; x_wconf 88' lang='grc' dir='ltr'><strong><em>Δαυίδ.</em></strong></span> <span class='ocrx_word' id='word_1_228' title='bbox 841 2611 923 2687; x_wconf 81' lang='grc' dir='ltr'><strong><em>αῦξει</em></strong></span> <span class='ocrx_word' id='word_1_229' title='bbox 946 2609 978 2674; x_wconf 78' lang='grc' dir='ltr'><strong><em>δὲ</em></strong></span> <span class='ocrx_word' id='word_1_230' title='bbox 1001 2611 1100 2674; x_wconf 79' lang='grc' dir='ltr'><strong><em>αὐτῶν</em></strong></span> <span class='ocrx_word' id='word_1_231' title='bbox 1123 2611 1179 2690; x_wconf 81' lang='grc' dir='ltr'><strong><em>τήν</em></strong></span> 
     </span>
    </p>
   </div>
   <div class='ocr_carea' id='block_1_3' title="bbox 157 2793 1184 3007">
    <p class='ocr_par' dir='ltr' id='par_1_4' title="bbox 157 2793 1184 3007">
     <span class='ocr_line' id='line_1_26' title="bbox 235 2793 1178 2865; baseline -0.002 -18"><span class='ocrx_word' id='word_1_232' title='bbox 235 2799 303 2847; x_wconf 84' lang='grc'><strong><em>3-7</em></strong></span> <span class='ocrx_word' id='word_1_233' title='bbox 324 2793 490 2848; x_wconf 73' lang='grc' dir='ltr'><strong><em>Τίτεοδοεοί.</em></strong></span> <span class='ocrx_word' id='word_1_234' title='bbox 506 2795 523 2848; x_wconf 87' lang='grc' dir='ltr'><strong><em>λ</em></strong></span> <span class='ocrx_word' id='word_1_235' title='bbox 539 2795 556 2847; x_wconf 84' lang='grc' dir='ltr'><strong><em>λ.</em></strong></span> <span class='ocrx_word' id='word_1_236' title='bbox 571 2794 668 2864; x_wconf 75' lang='lat' dir='ltr'>Migne</span> <span class='ocrx_word' id='word_1_237' title='bbox 683 2800 734 2848; x_wconf 77' lang='lat'><strong><em>652</em></strong></span> <span class='ocrx_word' id='word_1_238' title='bbox 744 2796 792 2862; x_wconf 71' lang='lat' dir='ltr'><strong><em>fin.</em></strong></span> <span class='ocrx_word' id='word_1_239' title='bbox 808 2825 841 2834; x_wconf 84' lang='lat'>-</span> <span class='ocrx_word' id='word_1_240' title='bbox 857 2800 872 2847; x_wconf 74' lang='grc' dir='ltr'>ἵ</span> <span class='ocrx_word' id='word_1_241' title='bbox 892 2793 924 2846; x_wconf 92' lang='grc' dir='ltr'><strong><em>Π.</em></strong></span> <span class='ocrx_word' id='word_1_242' title='bbox 939 2794 1027 2865; x_wconf 80' lang='lat' dir='ltr'>Regg.</span> <span class='ocrx_word' id='word_1_243' title='bbox 1043 2799 1086 2861; x_wconf 76' lang='lat'><strong><em>21,</em></strong></span> <span class='ocrx_word' id='word_1_244' title='bbox 1097 2798 1112 2846; x_wconf 85' lang='lat'><strong>3</strong></span> <span class='ocrx_word' id='word_1_245' title='bbox 1122 2809 1178 2861; x_wconf 76' lang='lat' dir='ltr'><strong><em>sqq.</em></strong></span> 
     </span>
     <span class='ocr_line' id='line_1_27' title="bbox 159 2863 1184 2933; baseline -0.003 -14"><span class='ocrx_word' id='word_1_246' title='bbox 159 2897 194 2906; x_wconf 93' lang='lat'><em>-</em></span> <span class='ocrx_word' id='word_1_247' title='bbox 210 2870 297 2919; x_wconf 72' lang='lat'><strong>7-22</strong></span> <span class='ocrx_word' id='word_1_248' title='bbox 312 2865 480 2920; x_wconf 77' lang='lat' dir='ltr'>Theodoret.</span> <span class='ocrx_word' id='word_1_249' title='bbox 490 2866 526 2920; x_wconf 77' lang='grc' dir='ltr'><strong><em>ιθ.</em></strong></span> <span class='ocrx_word' id='word_1_250' title='bbox 537 2865 625 2919; x_wconf 75' lang='grc'>6630.</span> <span class='ocrx_word' id='word_1_251' title='bbox 641 2897 676 2906; x_wconf 90' lang='grc'>-</span> <span class='ocrx_word' id='word_1_252' title='bbox 691 2871 797 2920; x_wconf 74' lang='lat'>22—24</span> <span class='ocrx_word' id='word_1_253' title='bbox 811 2867 846 2920; x_wconf 72' lang='grc' dir='ltr'><strong><em>ιθ.</em></strong></span> <span class='ocrx_word' id='word_1_254' title='bbox 858 2863 946 2919; x_wconf 78' lang='grc'>6520.</span> <span class='ocrx_word' id='word_1_255' title='bbox 956 2897 992 2905; x_wconf 94' lang='grc'><strong>-</strong></span> <span class='ocrx_word' id='word_1_256' title='bbox 1007 2869 1184 2933; x_wconf 73' lang='lat' dir='ltr'>24—p.182,</span> 
     </span>
     <span class='ocr_line' id='line_1_28' title="bbox 157 2935 838 3007; baseline 0.007 -22"><span class='ocrx_word' id='word_1_257' title='bbox 157 2941 197 2993; x_wconf 25' lang='lat'><strong><em>113</em></strong></span> <span class='ocrx_word' id='word_1_258' title='bbox 215 2937 382 2992; x_wconf 75' lang='lat' dir='ltr'><strong>Theodoret.</strong></span> <span class='ocrx_word' id='word_1_259' title='bbox 396 2938 433 2993; x_wconf 77' lang='grc' dir='ltr'><strong><em>ιθ.</em></strong></span> <span class='ocrx_word' id='word_1_260' title='bbox 449 2935 562 3002; x_wconf 73' lang='lat' dir='ltr'><strong>Quaest.</strong></span> <span class='ocrx_word' id='word_1_261' title='bbox 577 2942 612 2990; x_wconf 79' lang='lat'><strong><em>45</em></strong></span> <span class='ocrx_word' id='word_1_262' title='bbox 630 2937 727 3007; x_wconf 79' lang='lat' dir='ltr'>Migne</span> <span class='ocrx_word' id='word_1_263' title='bbox 747 2942 798 2990; x_wconf 86' lang='grc'><strong><em>660</em></strong></span> <span class='ocrx_word' id='word_1_264' title='bbox 807 2937 838 2990; x_wconf 96' lang='grc' dir='ltr'><strong><em>Β.</em></strong></span> 
     </span>
    </p>
   </div>
   <div class='ocr_carea' id='block_1_4' title="bbox 105 3088 1186 3665">
    <p class='ocr_par' dir='ltr' id='par_1_5' title="bbox 105 3088 1186 3596">
     <span class='ocr_line' id='line_1_29' title="bbox 236 3088 1176 3166; baseline -0.005 -16"><span class='ocrx_word' id='word_1_265' title='bbox 236 3103 249 3150; x_wconf 98' lang='grc'>1</span> <span class='ocrx_word' id='word_1_266' title='bbox 271 3092 323 3151; x_wconf 78' lang='grc' dir='ltr'><strong><em>οῦν</em></strong></span> <span class='ocrx_word' id='word_1_267' title='bbox 342 3093 430 3150; x_wconf 69' lang='lat' dir='ltr'>COR..</span> <span class='ocrx_word' id='word_1_268' title='bbox 450 3128 485 3136; x_wconf 93' lang='lat'><em>-</em></span> <span class='ocrx_word' id='word_1_269' title='bbox 504 3095 656 3166; x_wconf 85' lang='grc' dir='ltr'><strong><em>γενομένας</em></strong></span> <span class='ocrx_word' id='word_1_270' title='bbox 675 3095 829 3152; x_wconf 80' lang='lat' dir='ltr'>GHMRV.</span> <span class='ocrx_word' id='word_1_271' title='bbox 849 3127 882 3135; x_wconf 98' lang='lat'>—</span> <span class='ocrx_word' id='word_1_272' title='bbox 907 3101 922 3147; x_wconf 81' lang='lat'>2</span> <span class='ocrx_word' id='word_1_273' title='bbox 945 3093 1091 3160; x_wconf 81' lang='grc' dir='ltr'><strong><em>συνθήκας</em></strong></span> <span class='ocrx_word' id='word_1_274' title='bbox 1108 3088 1176 3161; x_wconf 85' lang='grc' dir='ltr'><strong><em>μεθ’</em></strong></span> 
     </span>
     <span class='ocr_line' id='line_1_30' title="bbox 163 3164 1180 3238; baseline -0.006 -16"><span class='ocrx_word' id='word_1_275' title='bbox 163 3165 256 3236; x_wconf 79' lang='grc' dir='ltr'><strong><em>ὅρκων</em></strong></span> <span class='ocrx_word' id='word_1_276' title='bbox 274 3165 336 3221; x_wconf 75' lang='lat' dir='ltr'><strong><em>AG.</em></strong></span> <span class='ocrx_word' id='word_1_277' title='bbox 355 3198 392 3208; x_wconf 89' lang='lat'><em>—</em></span> <span class='ocrx_word' id='word_1_278' title='bbox 416 3172 431 3220; x_wconf 85' lang='grc'>3</span> <span class='ocrx_word' id='word_1_279' title='bbox 451 3164 563 3237; x_wconf 84' lang='grc' dir='ltr'><strong><em>γίνηται</em></strong></span> <span class='ocrx_word' id='word_1_280' title='bbox 582 3167 631 3222; x_wconf 90' lang='lat' dir='ltr'><strong><em>BV</em></strong></span> <span class='ocrx_word' id='word_1_281' title='bbox 654 3166 769 3238; x_wconf 83' lang='grc' dir='ltr'><strong><em>γένηται</em></strong></span> <span class='ocrx_word' id='word_1_282' title='bbox 788 3165 849 3220; x_wconf 76' lang='lat' dir='ltr'><strong><em>GN.</em></strong></span> <span class='ocrx_word' id='word_1_283' title='bbox 869 3197 904 3206; x_wconf 92' lang='lat'>-</span> <span class='ocrx_word' id='word_1_284' title='bbox 928 3164 1018 3218; x_wconf 82' lang='grc' dir='ltr'><strong><em>δδᾶδ</em></strong></span> <span class='ocrx_word' id='word_1_285' title='bbox 1040 3180 1064 3218; x_wconf 89' lang='grc' dir='ltr'><strong><em>υ.</em></strong></span> <span class='ocrx_word' id='word_1_286' title='bbox 1080 3169 1096 3216; x_wconf 87' lang='grc'>4</span> <span class='ocrx_word' id='word_1_287' title='bbox 1115 3169 1180 3232; x_wconf 72' lang='lat' dir='ltr'><strong><em>post</em></strong></span> 
     </span>
     <span class='ocr_line' id='line_1_31' title="bbox 160 3232 1182 3308; baseline -0.006 -16"><span class='ocrx_word' id='word_1_288' title='bbox 160 3241 243 3307; x_wconf 81' lang='grc' dir='ltr'><strong><em>λιμοῦ</em></strong></span> <span class='ocrx_word' id='word_1_289' title='bbox 262 3240 315 3293; x_wconf 75' lang='lat' dir='ltr'><strong><em>im.</em></strong></span> <span class='ocrx_word' id='word_1_290' title='bbox 332 3237 390 3292; x_wconf 78' lang='lat' dir='ltr'><strong><em>AG.</em></strong></span> <span class='ocrx_word' id='word_1_291' title='bbox 409 3269 445 3279; x_wconf 93' lang='lat'>—</span> <span class='ocrx_word' id='word_1_292' title='bbox 465 3243 479 3291; x_wconf 80' lang='lat'>7</span> <span class='ocrx_word' id='word_1_293' title='bbox 500 3238 666 3307; x_wconf 79' lang='grc' dir='ltr'><strong><em>έξιλοίσωμαι</em></strong></span> <span class='ocrx_word' id='word_1_294' title='bbox 684 3239 740 3292; x_wconf 88' lang='grc' dir='ltr'><strong><em>ΑΜ</em></strong></span> <span class='ocrx_word' id='word_1_295' title='bbox 749 3238 837 3308; x_wconf 83' lang='lat' dir='ltr'>Regg.</span> <span class='ocrx_word' id='word_1_296' title='bbox 857 3267 893 3276; x_wconf 96' lang='lat'>-</span> <span class='ocrx_word' id='word_1_297' title='bbox 913 3241 944 3290; x_wconf 92' lang='lat'><strong><em>11</em></strong></span> <span class='ocrx_word' id='word_1_298' title='bbox 965 3233 1114 3303; x_wconf 76' lang='grc' dir='ltr'><strong><em>ἑλογήσατο</em></strong></span> <span class='ocrx_word' id='word_1_299' title='bbox 1132 3232 1182 3287; x_wconf 79' lang='lat' dir='ltr'><strong><em>Ao</em></strong></span> 
     </span>
     <span class='ocr_line' id='line_1_32' title="bbox 154 3305 1182 3381; baseline -0.007 -17"><span class='ocrx_word' id='word_1_300' title='bbox 154 3308 272 3364; x_wconf 71' lang='lat' dir='ltr'><strong>&#39;FHMP</strong></span> <span class='ocrx_word' id='word_1_301' title='bbox 291 3310 350 3378; x_wconf 86' lang='grc' dir='ltr'><strong><em>(καλ</em></strong></span> <span class='ocrx_word' id='word_1_302' title='bbox 369 3308 401 3372; x_wconf 84' lang='grc' dir='ltr'><strong><em>ὃς</em></strong></span> <span class='ocrx_word' id='word_1_303' title='bbox 418 3307 619 3380; x_wconf 87' lang='grc' dir='ltr'><strong><em>παρελογίσατο</em></strong></span> <span class='ocrx_word' id='word_1_304' title='bbox 638 3309 727 3381; x_wconf 78' lang='lat' dir='ltr'><strong>Regg.</strong></span> <span class='ocrx_word' id='word_1_305' title='bbox 739 3309 863 3377; x_wconf 80' lang='lat' dir='ltr'>Theod.).</span> <span class='ocrx_word' id='word_1_306' title='bbox 882 3339 915 3347; x_wconf 94' lang='lat'>—</span> <span class='ocrx_word' id='word_1_307' title='bbox 936 3312 968 3358; x_wconf 84' lang='grc'><strong><em>13</em></strong></span> <span class='ocrx_word' id='word_1_308' title='bbox 989 3305 1102 3370; x_wconf 75' lang='grc' dir='ltr'><strong><em>ἐξιλασώ</em></strong></span> <span class='ocrx_word' id='word_1_309' title='bbox 1136 3308 1182 3359; x_wconf 83' lang='grc' dir='ltr'><strong><em>θα</em></strong></span> 
     </span>
     <span class='ocr_line' id='line_1_33' title="bbox 157 3377 1179 3444; baseline -0.006 -10"><span class='ocrx_word' id='word_1_310' title='bbox 157 3380 352 3434; x_wconf 72' lang='lat' dir='ltr'><strong>AFHLMPR.</strong></span> <span class='ocrx_word' id='word_1_311' title='bbox 373 3412 406 3421; x_wconf 94' lang='lat'>—</span> <span class='ocrx_word' id='word_1_312' title='bbox 433 3387 466 3434; x_wconf 79' lang='lat'><strong><em>14</em></strong></span> <span class='ocrx_word' id='word_1_313' title='bbox 485 3380 516 3435; x_wconf 86' lang='grc' dir='ltr'><strong><em>έν</em></strong></span> <span class='ocrx_word' id='word_1_314' title='bbox 538 3387 603 3435; x_wconf 72' lang='lat' dir='ltr'><strong><em>ante</em></strong></span> <span class='ocrx_word' id='word_1_315' title='bbox 626 3382 723 3444; x_wconf 75' lang='grc' dir='ltr'><strong><em>αὐτοῖς</em></strong></span> <span class='ocrx_word' id='word_1_316' title='bbox 746 3397 796 3434; x_wconf 85' lang='grc' dir='ltr'><strong><em>σοι.</em></strong></span> <span class='ocrx_word' id='word_1_317' title='bbox 816 3378 850 3432; x_wconf 86' lang='lat' dir='ltr'><strong><em>N.</em></strong></span> <span class='ocrx_word' id='word_1_318' title='bbox 870 3409 903 3418; x_wconf 96' lang='lat'><strong><em>-—</em></strong></span> <span class='ocrx_word' id='word_1_319' title='bbox 925 3385 974 3431; x_wconf 91' lang='grc' dir='ltr'><strong><em>τοῦ</em></strong></span> <span class='ocrx_word' id='word_1_320' title='bbox 998 3377 1088 3431; x_wconf 69' lang='grc' dir='ltr'><strong><em>ουκῖι</em></strong></span> <span class='ocrx_word' id='word_1_321' title='bbox 1120 3418 1124 3429; x_wconf 87' lang='grc'><strong><em>,</em></strong></span> <span class='ocrx_word' id='word_1_322' title='bbox 1144 3404 1179 3416; x_wconf 86' lang='lat'><em>-</em></span> 
     </span>
     <span class='ocr_line' id='line_1_34' title="bbox 161 3444 1180 3523; baseline -0.004 -19"><span class='ocrx_word' id='word_1_323' title='bbox 161 3457 195 3504; x_wconf 80' lang='grc'><strong><em>16</em></strong></span> <span class='ocrx_word' id='word_1_324' title='bbox 214 3449 323 3523; x_wconf 87' lang='grc' dir='ltr'><strong><em>τοίνυν]</em></strong></span> <span class='ocrx_word' id='word_1_325' title='bbox 343 3448 395 3507; x_wconf 80' lang='grc' dir='ltr'><strong><em>οὖν</em></strong></span> <span class='ocrx_word' id='word_1_326' title='bbox 413 3451 472 3506; x_wconf 77' lang='lat' dir='ltr'><strong><em>RV.</em></strong></span> <span class='ocrx_word' id='word_1_327' title='bbox 492 3483 526 3492; x_wconf 91' lang='lat'>—</span> <span class='ocrx_word' id='word_1_328' title='bbox 552 3458 585 3506; x_wconf 87' lang='grc'><strong><em>16</em></strong></span> <span class='ocrx_word' id='word_1_329' title='bbox 605 3451 711 3514; x_wconf 74' lang='grc' dir='ltr'><strong><em>ἐκεῖνος</em></strong></span> <span class='ocrx_word' id='word_1_330' title='bbox 734 3450 882 3520; x_wconf 77' lang='grc' dir='ltr'><strong><em>ἐτόλμησεν</em></strong></span> <span class='ocrx_word' id='word_1_331' title='bbox 901 3448 956 3502; x_wconf 76' lang='lat' dir='ltr'><strong><em>GN</em></strong></span> <span class='ocrx_word' id='word_1_332' title='bbox 979 3445 1087 3509; x_wconf 75' lang='grc' dir='ltr'><strong><em>ἐκείνας</em></strong></span> <span class='ocrx_word' id='word_1_333' title='bbox 1105 3444 1180 3503; x_wconf 75' lang='grc' dir='ltr'><strong><em>ἐτόλ-</em></strong></span> 
     </span>
     <span class='ocr_line' id='line_1_35' title="bbox 105 3518 1186 3596; baseline -0.004 -19"><span class='ocrx_word' id='word_1_334' title='bbox 105 3584 109 3596; x_wconf 33' lang='lat'>⁸</span> <span class='ocrx_word' id='word_1_335' title='bbox 158 3540 246 3592; x_wconf 88' lang='grc' dir='ltr'><strong><em>μησεν</em></strong></span> <span class='ocrx_word' id='word_1_336' title='bbox 254 3523 292 3577; x_wconf 74' lang='lat' dir='ltr'><strong><em>R.</em></strong></span> <span class='ocrx_word' id='word_1_337' title='bbox 308 3554 344 3564; x_wconf 91' lang='grc'><strong>-</strong></span> <span class='ocrx_word' id='word_1_338' title='bbox 359 3528 393 3577; x_wconf 88' lang='grc'><strong><em>18</em></strong></span> <span class='ocrx_word' id='word_1_339' title='bbox 409 3520 480 3584; x_wconf 62' lang='lat' dir='ltr'><strong><em>fisos</em></strong></span> <span class='ocrx_word' id='word_1_340' title='bbox 494 3521 663 3576; x_wconf 79' lang='lat' dir='ltr'>AOFHMR.</span> <span class='ocrx_word' id='word_1_341' title='bbox 680 3552 713 3562; x_wconf 92' lang='lat'><em>-</em></span> <span class='ocrx_word' id='word_1_342' title='bbox 730 3527 762 3576; x_wconf 84' lang='lat'><strong><em>19</em></strong></span> <span class='ocrx_word' id='word_1_343' title='bbox 778 3519 901 3578; x_wconf 86' lang='grc' dir='ltr'><strong><em>δέδωκεν</em></strong></span> <span class='ocrx_word' id='word_1_344' title='bbox 915 3518 1046 3573; x_wconf 67' lang='grc'><strong><em>111111,-</em></strong></span> <span class='ocrx_word' id='word_1_345' title='bbox 1061 3522 1096 3571; x_wconf 75' lang='lat'><strong><em>20</em></strong></span> <span class='ocrx_word' id='word_1_346' title='bbox 1110 3539 1186 3588; x_wconf 82' lang='grc' dir='ltr'><strong><em>μαν-</em></strong></span> 
     </span>
    </p>

    <p class='ocr_par' dir='ltr' id='par_1_6' title="bbox 157 3592 802 3665">
     <span class='ocr_line' id='line_1_36' title="bbox 157 3592 802 3665; baseline -0.003 -17"><span class='ocrx_word' id='word_1_347' title='bbox 157 3593 293 3665; x_wconf 79' lang='grc' dir='ltr'><strong><em>θάνωμεν</em></strong></span> <span class='ocrx_word' id='word_1_348' title='bbox 311 3594 378 3648; x_wconf 80' lang='grc' dir='ltr'><strong><em>ΒΜ.</em></strong></span> <span class='ocrx_word' id='word_1_349' title='bbox 400 3625 433 3634; x_wconf 91' lang='lat'>-</span> <span class='ocrx_word' id='word_1_350' title='bbox 453 3600 486 3647; x_wconf 81' lang='lat'><strong><em>21</em></strong></span> <span class='ocrx_word' id='word_1_351' title='bbox 507 3592 675 3662; x_wconf 81' lang='grc' dir='ltr'><strong><em>διαφθοράν</em></strong></span> <span class='ocrx_word' id='word_1_352' title='bbox 694 3592 802 3648; x_wconf 78' lang='lat' dir='ltr'><strong>OFLM.</strong></span> 
     </span>
    </p>
   </div>
   <div class='ocr_carea' id='block_1_5' title="bbox 0 0 1314 3909">
    <p class='ocr_par' dir='ltr' id='par_1_7' title="bbox 0 0 1314 3909">
     <span class='ocr_line' id='line_1_37' title="bbox 0 0 1314 3909; baseline 0 1"><span class='ocrx_word' id='word_1_353' title='bbox 0 0 1314 3909; x_wconf 95' lang='lat' dir='ltr'><strong><em> </em></strong></span> 
     </span>
    </p>
   </div>
  </div>
 </body>
</html>
