<?xml version="1.0" encoding="UTF-8"?>
<!DOCTYPE html PUBLIC "-//W3C//DTD XHTML 1.0 Transitional//EN"
    "http://www.w3.org/TR/xhtml1/DTD/xhtml1-transitional.dtd">
<html xmlns="http://www.w3.org/1999/xhtml" xml:lang="en" lang="en">
 <head>
  <title>
</title>
<meta http-equiv="Content-Type" content="text/html;charset=utf-8" />
  <meta name='ocr-system' content='tesseract 3.04.00' />
  <meta name='ocr-capabilities' content='ocr_page ocr_carea ocr_par ocr_line ocrx_word'/>
</head>
<body>
  <div class='ocr_page' id='page_1' title='image "./georgiimonachic01boorgoog_0298.png"; bbox 0 0 2617 3909; ppageno 0'>
   <div class='ocr_carea' id='block_1_1' title="bbox 175 201 878 267">
    <p class='ocr_par' dir='ltr' id='par_1_1' title="bbox 175 201 878 267">
     <span class='ocr_line' id='line_1_1' title="bbox 175 201 878 267; baseline -0.001 -13"><span class='ocrx_word' id='word_1_1' title='bbox 175 203 241 267; x_wconf 81' lang='lat'><strong><em>210</em></strong></span> <span class='ocrx_word' id='word_1_2' title='bbox 490 202 677 255; x_wconf 70' lang='grc' dir='ltr'><strong><em>Γωσεαιοω</em></strong></span> <span class='ocrx_word' id='word_1_3' title='bbox 695 201 878 254; x_wconf 70' lang='grc' dir='ltr'><strong><em>ωοαεκου</em></strong></span> 
     </span>
    </p>
   </div>
   <div class='ocr_carea' id='block_1_2' title="bbox 76 347 1199 2681">
    <p class='ocr_par' dir='ltr' id='par_1_2' title="bbox 76 347 1199 2681">
     <span class='ocr_line' id='line_1_2' title="bbox 176 347 1195 432; baseline -0.004 -18"><span class='ocrx_word' id='word_1_4' title='bbox 176 353 207 415; x_wconf 89' lang='grc' dir='ltr'><strong><em>τὸ</em></strong></span> <span class='ocrx_word' id='word_1_5' title='bbox 230 353 286 432; x_wconf 81' lang='grc' dir='ltr'><strong><em>τὴν</em></strong></span> <span class='ocrx_word' id='word_1_6' title='bbox 308 352 494 432; x_wconf 77' lang='grc' dir='ltr'><strong><em>πανουργίαν</em></strong></span> <span class='ocrx_word' id='word_1_7' title='bbox 516 349 566 410; x_wconf 87' lang='grc' dir='ltr'><strong><em>καλ</em></strong></span> <span class='ocrx_word' id='word_1_8' title='bbox 588 350 643 429; x_wconf 77' lang='grc' dir='ltr'><strong><em>την</em></strong></span> <span class='ocrx_word' id='word_1_9' title='bbox 667 347 846 432; x_wconf 82' lang='grc' dir='ltr'><strong><em>κυβίρνησιν</em></strong></span> <span class='ocrx_word' id='word_1_10' title='bbox 864 347 966 422; x_wconf 79' lang='grc' dir='ltr'><strong><em>αὐτοῖς</em></strong></span> <span class='ocrx_word' id='word_1_11' title='bbox 985 348 1026 428; x_wconf 84' lang='grc' dir='ltr'><strong><em>μὴ</em></strong></span> <span class='ocrx_word' id='word_1_12' title='bbox 1046 355 1195 430; x_wconf 87' lang='grc' dir='ltr'><strong><em>παρεῖναι.</em></strong></span> 
     </span>
     <span class='ocr_line' id='line_1_3' title="bbox 175 445 1196 528; baseline -0.007 -15"><span class='ocrx_word' id='word_1_13' title='bbox 175 451 222 513; x_wconf 90' lang='grc' dir='ltr'><strong><em>διὸ</em></strong></span> <span class='ocrx_word' id='word_1_14' title='bbox 249 449 299 512; x_wconf 84' lang='grc' dir='ltr'><strong><em>καὶ</em></strong></span> <span class='ocrx_word' id='word_1_15' title='bbox 326 449 446 510; x_wconf 89' lang='grc' dir='ltr'><strong><em>πάντων</em></strong></span> <span class='ocrx_word' id='word_1_16' title='bbox 473 447 594 510; x_wconf 79' lang='grc' dir='ltr'><strong><em>ἐκείνων</em></strong></span> <span class='ocrx_word' id='word_1_17' title='bbox 621 447 677 528; x_wconf 80' lang='grc' dir='ltr'><strong><em>τὴν</em></strong></span> <span class='ocrx_word' id='word_1_18' title='bbox 704 448 811 526; x_wconf 79' lang='grc' dir='ltr'><strong><em>ζημίαν</em></strong></span> <span class='ocrx_word' id='word_1_19' title='bbox 835 445 1016 528; x_wconf 74' lang='grc' dir='ltr'><strong><em>θπηνεγιιαν.</em></strong></span> <span class='ocrx_word' id='word_1_20' title='bbox 1063 446 1140 508; x_wconf 81' lang='grc' dir='ltr'><strong><em>ὅθεν</em></strong></span> <span class='ocrx_word' id='word_1_21' title='bbox 1163 448 1196 508; x_wconf 82' lang='grc' dir='ltr'><strong><em>οἱ</em></strong></span> 
     </span>
     <span class='ocr_line' id='line_1_4' title="bbox 176 533 1195 629; baseline -0.006 -19"><span class='ocrx_word' id='word_1_22' title='bbox 176 547 229 628; x_wconf 65' lang='grc' dir='ltr'><strong><em>μὲν</em></strong></span> <span class='ocrx_word' id='word_1_23' title='bbox 252 545 319 629; x_wconf 76' lang='grc' dir='ltr'><strong><em>περὶ</em></strong></span> <span class='ocrx_word' id='word_1_24' title='bbox 341 546 396 626; x_wconf 79' lang='grc' dir='ltr'><strong><em>τὴν</em></strong></span> <span class='ocrx_word' id='word_1_25' title='bbox 418 547 518 607; x_wconf 92' lang='grc' dir='ltr'><strong><em>πίστιν</em></strong></span> <span class='ocrx_word' id='word_1_26' title='bbox 540 546 739 627; x_wconf 91' lang='grc' dir='ltr'><strong><em>ἐναυάγησαν,</em></strong></span> <span class='ocrx_word' id='word_1_27' title='bbox 762 542 844 605; x_wconf 84' lang='grc' dir='ltr'><strong><em>άλλοι</em></strong></span> <span class='ocrx_word' id='word_1_28' title='bbox 865 540 897 605; x_wconf 82' lang='grc' dir='ltr'><strong><em>δέ</em></strong></span> <span class='ocrx_word' id='word_1_29' title='bbox 915 544 1131 626; x_wconf 75' lang='grc' dir='ltr'><strong><em>σωφροσύνην,</em></strong></span> <span class='ocrx_word' id='word_1_30' title='bbox 1154 533 1195 622; x_wconf 77' lang='grc' dir='ltr'><strong><em>ἣν</em></strong></span> 
     </span>
     <span class='ocr_line' id='line_1_5' title="bbox 76 641 1195 726; baseline -0.003 -19"><span class='ocrx_word' id='word_1_31' title='bbox 76 661 116 700; x_wconf 76' lang='lat'><strong><em>149</em></strong></span> <span class='ocrx_word' id='word_1_32' title='bbox 129 659 159 698; x_wconf 76' lang='grc' dir='ltr'><strong><em>Μ.</em></strong></span> <span class='ocrx_word' id='word_1_33' title='bbox 177 645 348 726; x_wconf 79' lang='grc' dir='ltr'><strong><em>συνήγαγον</em></strong></span> <span class='ocrx_word' id='word_1_34' title='bbox 372 641 404 704; x_wconf 86' lang='grc' dir='ltr'><strong><em>ἐκ</em></strong></span> <span class='ocrx_word' id='word_1_35' title='bbox 426 643 578 725; x_wconf 88' lang='grc' dir='ltr'><strong><em>νεότητος,</em></strong></span> <span class='ocrx_word' id='word_1_36' title='bbox 602 643 700 725; x_wconf 77' lang='grc' dir='ltr'><strong><em>ὥσπερ</em></strong></span> <span class='ocrx_word' id='word_1_37' title='bbox 722 643 891 724; x_wconf 87' lang='grc' dir='ltr'><strong><em>καταιγίδος</em></strong></span> <span class='ocrx_word' id='word_1_38' title='bbox 918 641 998 716; x_wconf 83' lang='grc' dir='ltr'><strong><em>τινὸς</em></strong></span> <span class='ocrx_word' id='word_1_39' title='bbox 1020 652 1074 722; x_wconf 80' lang='grc' dir='ltr'><strong><em>τῆς</em></strong></span> <span class='ocrx_word' id='word_1_40' title='bbox 1097 664 1195 722; x_wconf 91' lang='grc' dir='ltr'><strong><em>πονη-</em></strong></span> 
     </span>
     <span class='ocr_line' id='line_1_6' title="bbox 149 737 1195 828; baseline -0.004 -23"><span class='ocrx_word' id='word_1_41' title='bbox 149 754 230 826; x_wconf 80' lang='grc' dir='ltr'><strong><em>ερῶς</em></strong></span> <span class='ocrx_word' id='word_1_42' title='bbox 261 738 374 821; x_wconf 76' lang='grc' dir='ltr'><strong><em>ἡδονῆς</em></strong></span> <span class='ocrx_word' id='word_1_43' title='bbox 402 741 622 823; x_wconf 85' lang='grc' dir='ltr'><strong><em>ἐπιδραμοόσης</em></strong></span> <span class='ocrx_word' id='word_1_44' title='bbox 653 739 815 802; x_wconf 81' lang='grc' dir='ltr'><strong><em>ἀπώλεσαν.</em></strong></span> <span class='ocrx_word' id='word_1_45' title='bbox 861 738 1055 801; x_wconf 86' lang='grc' dir='ltr'><strong><em>ἐλεεινότατον</em></strong></span> <span class='ocrx_word' id='word_1_46' title='bbox 1084 737 1195 828; x_wconf 76' lang='grc' dir='ltr'><strong><em>θέαμα.</em></strong></span> 
     </span>
     <span class='ocr_line' id='line_1_7' title="bbox 177 837 1195 921; baseline -0.002 -21"><span class='ocrx_word' id='word_1_47' title='bbox 177 839 247 920; x_wconf 82' lang='grc' dir='ltr'><strong><em>μετὰ</em></strong></span> <span class='ocrx_word' id='word_1_48' title='bbox 269 839 419 919; x_wconf 86' lang='grc' dir='ltr'><strong><em>νηστείαν,</em></strong></span> <span class='ocrx_word' id='word_1_49' title='bbox 442 837 512 918; x_wconf 82' lang='grc' dir='ltr'><strong><em>μετὰ</em></strong></span> <span class='ocrx_word' id='word_1_50' title='bbox 537 839 772 921; x_wconf 89' lang='grc' dir='ltr'><strong><em>σκληραγωγίαν,</em></strong></span> <span class='ocrx_word' id='word_1_51' title='bbox 796 837 866 916; x_wconf 80' lang='grc' dir='ltr'><strong><em>μετὰ</em></strong></span> <span class='ocrx_word' id='word_1_52' title='bbox 888 837 1056 919; x_wconf 77' lang='grc' dir='ltr'><strong><em>προσευχὴν</em></strong></span> <span class='ocrx_word' id='word_1_53' title='bbox 1079 837 1195 918; x_wconf 78' lang='grc' dir='ltr'><strong><em>ἐκτενῆ,</em></strong></span> 
     </span>
     <span class='ocr_line' id='line_1_8' title="bbox 176 932 1196 1018; baseline -0.002 -20"><span class='ocrx_word' id='word_1_54' title='bbox 176 937 246 1018; x_wconf 79' lang='grc' dir='ltr'><strong><em>μετὰ</em></strong></span> <span class='ocrx_word' id='word_1_55' title='bbox 270 938 401 1018; x_wconf 89' lang='grc' dir='ltr'><strong><em>δάκρυον</em></strong></span> <span class='ocrx_word' id='word_1_56' title='bbox 429 935 568 1018; x_wconf 82' lang='grc' dir='ltr'><strong><em>δαψιλές,</em></strong></span> <span class='ocrx_word' id='word_1_57' title='bbox 595 935 666 1016; x_wconf 81' lang='grc' dir='ltr'><strong><em>μετὰ</em></strong></span> <span class='ocrx_word' id='word_1_58' title='bbox 694 935 863 1017; x_wconf 76' lang='grc' dir='ltr'><strong><em>ἐγκράτειαν</em></strong></span> <span class='ocrx_word' id='word_1_59' title='bbox 886 934 958 996; x_wconf 88' lang='grc' dir='ltr'><strong><em>ἐτῶν</em></strong></span> <span class='ocrx_word' id='word_1_60' title='bbox 980 932 1012 995; x_wconf 86' lang='grc' dir='ltr'><strong><em>κ’</em></strong></span> <span class='ocrx_word' id='word_1_61' title='bbox 1035 956 1097 997; x_wconf 89' lang='grc' dir='ltr'><strong><em>που</em></strong></span> <span class='ocrx_word' id='word_1_62' title='bbox 1119 933 1141 1016; x_wconf 77' lang='grc' dir='ltr'>ἢ</span> <span class='ocrx_word' id='word_1_63' title='bbox 1165 934 1196 996; x_wconf 87' lang='grc' dir='ltr'><strong><em>λ’</em></strong></span> 
     </span>
     <span class='ocr_line' id='line_1_9' title="bbox 176 1029 1195 1119; baseline -0.001 -22"><span class='ocrx_word' id='word_1_64' title='bbox 176 1029 216 1097; x_wconf 82' lang='grc' dir='ltr'><strong><em>δι’</em></strong></span> <span class='ocrx_word' id='word_1_65' title='bbox 242 1033 418 1119; x_wconf 78' lang='grc' dir='ltr'><strong><em>ἀπροσεξίαν</em></strong></span> <span class='ocrx_word' id='word_1_66' title='bbox 445 1045 547 1115; x_wconf 77' lang='grc' dir='ltr'><strong><em>ψυχῆς</em></strong></span> <span class='ocrx_word' id='word_1_67' title='bbox 574 1033 624 1094; x_wconf 85' lang='grc' dir='ltr'><strong><em>καί</em></strong></span> <span class='ocrx_word' id='word_1_68' title='bbox 646 1031 784 1114; x_wconf 78' lang='grc' dir='ltr'><strong><em>ἀμέλειαν</em></strong></span> <span class='ocrx_word' id='word_1_69' title='bbox 806 1032 922 1115; x_wconf 88' lang='grc' dir='ltr'><strong><em>γυμνὸν</em></strong></span> <span class='ocrx_word' id='word_1_70' title='bbox 949 1031 1090 1094; x_wconf 80' lang='grc' dir='ltr'><strong><em>ἁπάντων</em></strong></span> <span class='ocrx_word' id='word_1_71' title='bbox 1118 1033 1195 1096; x_wconf 86' lang='grc' dir='ltr'><strong><em>ἀπο-</em></strong></span> 
     </span>
     <span class='ocr_line' id='line_1_10' title="bbox 178 1129 1195 1217; baseline -0.003 -21"><span class='ocrx_word' id='word_1_72' title='bbox 178 1136 335 1215; x_wconf 73' lang='grc' dir='ltr'><strong><em>δειχθῆναι</em></strong></span> <span class='ocrx_word' id='word_1_73' title='bbox 361 1132 411 1195; x_wconf 83' lang='grc' dir='ltr'><strong><em>καλ</em></strong></span> <span class='ocrx_word' id='word_1_74' title='bbox 440 1132 648 1214; x_wconf 79' lang='grc' dir='ltr'><strong><em>παραπλήσιον</em></strong></span> <span class='ocrx_word' id='word_1_75' title='bbox 675 1129 815 1214; x_wconf 80' lang='grc' dir='ltr'><strong><em>γενέσθαι</em></strong></span> <span class='ocrx_word' id='word_1_76' title='bbox 842 1129 894 1192; x_wconf 85' lang='grc' dir='ltr'><strong><em>τὸν</em></strong></span> <span class='ocrx_word' id='word_1_77' title='bbox 921 1139 956 1214; x_wconf 78' lang='grc' dir='ltr'><strong><em>τῇ</em></strong></span> <span class='ocrx_word' id='word_1_78' title='bbox 985 1130 1106 1217; x_wconf 74' lang='grc' dir='ltr'><strong><em>ἐργασίᾳ</em></strong></span> <span class='ocrx_word' id='word_1_79' title='bbox 1135 1142 1195 1194; x_wconf 93' lang='grc' dir='ltr'><strong><em>τῶν</em></strong></span> 
     </span>
     <span class='ocr_line' id='line_1_11' title="bbox 137 1227 1195 1315; baseline -0.003 -21"><span class='ocrx_word' id='word_1_80' title='bbox 137 1255 163 1294; x_wconf 84' lang='grc' dir='ltr'><strong><em>ιο</em></strong></span> <span class='ocrx_word' id='word_1_81' title='bbox 177 1231 303 1294; x_wconf 88' lang='grc' dir='ltr'><strong><em>ἐντολῶν</em></strong></span> <span class='ocrx_word' id='word_1_82' title='bbox 334 1231 561 1311; x_wconf 84' lang='grc' dir='ltr'><strong><em>εύθηνούμενον</em></strong></span> <span class='ocrx_word' id='word_1_83' title='bbox 589 1229 707 1315; x_wconf 79' lang='grc' dir='ltr'><strong><em>ἐμπόρῳ</em></strong></span> <span class='ocrx_word' id='word_1_84' title='bbox 734 1228 793 1290; x_wconf 85' lang='grc' dir='ltr'><strong><em>τινλ</em></strong></span> <span class='ocrx_word' id='word_1_85' title='bbox 824 1228 1063 1314; x_wconf 84' lang='grc' dir='ltr'><strong><em>μεγαλοπλούτφ,</em></strong></span> <span class='ocrx_word' id='word_1_86' title='bbox 1092 1227 1126 1304; x_wconf 81' lang='grc' dir='ltr'><strong><em>ὃς</em></strong></span> <span class='ocrx_word' id='word_1_87' title='bbox 1154 1237 1195 1315; x_wconf 78' lang='grc' dir='ltr'><strong><em>τῷ</em></strong></span> 
     </span>
     <span class='ocr_line' id='line_1_12' title="bbox 175 1326 1196 1412; baseline -0.002 -22"><span class='ocrx_word' id='word_1_88' title='bbox 175 1330 286 1409; x_wconf 80' lang='grc' dir='ltr'><strong><em>πλήθει</em></strong></span> <span class='ocrx_word' id='word_1_89' title='bbox 308 1339 367 1391; x_wconf 93' lang='grc' dir='ltr'><strong><em>τῶν</em></strong></span> <span class='ocrx_word' id='word_1_90' title='bbox 395 1328 553 1411; x_wconf 80' lang='grc' dir='ltr'><strong><em>ἀγωγίμων</em></strong></span> <span class='ocrx_word' id='word_1_91' title='bbox 581 1326 830 1410; x_wconf 78' lang='grc' dir='ltr'><strong><em>ἐπαγαλλόμενος,</em></strong></span> <span class='ocrx_word' id='word_1_92' title='bbox 857 1326 887 1401; x_wconf 83' lang='grc' dir='ltr'><strong><em>ἐξ</em></strong></span> <span class='ocrx_word' id='word_1_93' title='bbox 915 1327 1018 1408; x_wconf 81' lang='grc' dir='ltr'><strong><em>οὐρίας</em></strong></span> <span class='ocrx_word' id='word_1_94' title='bbox 1041 1326 1121 1412; x_wconf 78' lang='grc' dir='ltr'><strong><em>αὐτῷ</em></strong></span> <span class='ocrx_word' id='word_1_95' title='bbox 1141 1338 1196 1408; x_wconf 78' lang='grc' dir='ltr'><strong><em>τῆς</em></strong></span> 
     </span>
     <span class='ocr_line' id='line_1_13' title="bbox 176 1423 1195 1508; baseline 0 -20"><span class='ocrx_word' id='word_1_96' title='bbox 176 1427 249 1508; x_wconf 89' lang='grc' dir='ltr'><strong><em>νηὸς</em></strong></span> <span class='ocrx_word' id='word_1_97' title='bbox 277 1425 458 1508; x_wconf 77' lang='grc' dir='ltr'><strong><em>φερομένης,</em></strong></span> <span class='ocrx_word' id='word_1_98' title='bbox 485 1425 521 1486; x_wconf 87' lang='grc' dir='ltr'><strong><em>τόι</em></strong></span> <span class='ocrx_word' id='word_1_99' title='bbox 549 1423 664 1507; x_wconf 83' lang='grc' dir='ltr'><strong><em>φοβερὰ</em></strong></span> <span class='ocrx_word' id='word_1_100' title='bbox 691 1425 801 1506; x_wconf 79' lang='grc' dir='ltr'><strong><em>πελάγη</em></strong></span> <span class='ocrx_word' id='word_1_101' title='bbox 830 1424 1003 1508; x_wconf 84' lang='grc' dir='ltr'><strong><em>διαδραμὼν</em></strong></span> <span class='ocrx_word' id='word_1_102' title='bbox 1029 1424 1105 1506; x_wconf 86' lang='grc' dir='ltr'><strong><em>πρὸς</em></strong></span> <span class='ocrx_word' id='word_1_103' title='bbox 1132 1433 1195 1500; x_wconf 82' lang='grc' dir='ltr'><strong><em>τοῖς</em></strong></span> 
     </span>
     <span class='ocr_line' id='line_1_14' title="bbox 176 1521 1196 1606; baseline 0.002 -20"><span class='ocrx_word' id='word_1_104' title='bbox 176 1523 290 1604; x_wconf 79' lang='grc' dir='ltr'><strong><em>λιμέσιν</em></strong></span> <span class='ocrx_word' id='word_1_105' title='bbox 321 1523 423 1597; x_wconf 78' lang='grc' dir='ltr'><strong><em>αὐτοῖς</em></strong></span> <span class='ocrx_word' id='word_1_106' title='bbox 456 1523 663 1606; x_wconf 89' lang='grc' dir='ltr'><strong><em>διαρραγέντος</em></strong></span> <span class='ocrx_word' id='word_1_107' title='bbox 698 1533 750 1585; x_wconf 82' lang='grc' dir='ltr'><strong><em>τοῦ</em></strong></span> <span class='ocrx_word' id='word_1_108' title='bbox 782 1524 889 1584; x_wconf 87' lang='grc' dir='ltr'><strong><em>πλοίου</em></strong></span> <span class='ocrx_word' id='word_1_109' title='bbox 907 1523 1040 1599; x_wconf 87' lang='grc' dir='ltr'><strong><em>πάντων</em></strong></span> <span class='ocrx_word' id='word_1_110' title='bbox 1072 1521 1196 1606; x_wconf 84' lang='grc' dir='ltr'><strong><em>ἀθρόως</em></strong></span> 
     </span>
     <span class='ocr_line' id='line_1_15' title="bbox 177 1613 1196 1705; baseline 0 -21"><span class='ocrx_word' id='word_1_111' title='bbox 177 1624 285 1703; x_wconf 78' lang='grc' dir='ltr'><strong><em>ἕρημος</em></strong></span> <span class='ocrx_word' id='word_1_112' title='bbox 304 1619 472 1702; x_wconf 80' lang='grc' dir='ltr'><strong><em>ἀνεδείχθη.</em></strong></span> <span class='ocrx_word' id='word_1_113' title='bbox 508 1621 560 1683; x_wconf 87' lang='grc' dir='ltr'><strong><em>ἐὰν</em></strong></span> <span class='ocrx_word' id='word_1_114' title='bbox 578 1621 634 1705; x_wconf 88' lang='grc' dir='ltr'><strong><em>γὰρ</em></strong></span> <span class='ocrx_word' id='word_1_115' title='bbox 652 1620 703 1682; x_wconf 82' lang='grc' dir='ltr'><strong><em>καὶ</em></strong></span> <span class='ocrx_word' id='word_1_116' title='bbox 721 1613 808 1694; x_wconf 79' lang='grc' dir='ltr'><strong><em>οὗτος</em></strong></span> <span class='ocrx_word' id='word_1_117' title='bbox 830 1620 865 1682; x_wconf 82' lang='grc' dir='ltr'><strong><em>τά</em></strong></span> <span class='ocrx_word' id='word_1_118' title='bbox 885 1622 1002 1703; x_wconf 87' lang='grc' dir='ltr'><strong><em>μυρίοις</em></strong></span> <span class='ocrx_word' id='word_1_119' title='bbox 1020 1620 1125 1695; x_wconf 85' lang='grc' dir='ltr'><strong><em>πόνοις</em></strong></span> <span class='ocrx_word' id='word_1_120' title='bbox 1144 1622 1196 1684; x_wconf 83' lang='grc' dir='ltr'><strong><em>καλ</em></strong></span> 
     </span>
     <span class='ocr_line' id='line_1_16' title="bbox 138 1716 1196 1804; baseline 0.001 -23"><span class='ocrx_word' id='word_1_121' title='bbox 138 1743 162 1782; x_wconf 79' lang='grc' dir='ltr'><strong><em>ιτ</em></strong></span> <span class='ocrx_word' id='word_1_122' title='bbox 178 1721 281 1802; x_wconf 80' lang='grc' dir='ltr'><strong><em>ἱδρῶσι</em></strong></span> <span class='ocrx_word' id='word_1_123' title='bbox 302 1717 452 1798; x_wconf 76' lang='grc' dir='ltr'><strong><em>κτηθέντα</em></strong></span> <span class='ocrx_word' id='word_1_124' title='bbox 479 1725 533 1803; x_wconf 76' lang='grc' dir='ltr'><strong><em>μιᾷ</em></strong></span> <span class='ocrx_word' id='word_1_125' title='bbox 555 1721 706 1804; x_wconf 75' lang='grc' dir='ltr'><strong><em>προσβολῇ</em></strong></span> <span class='ocrx_word' id='word_1_126' title='bbox 732 1719 873 1798; x_wconf 89' lang='grc' dir='ltr'><strong><em>δαίμονος</em></strong></span> <span class='ocrx_word' id='word_1_127' title='bbox 900 1716 1029 1803; x_wconf 84' lang='grc' dir='ltr'><strong><em>ἀπολὲση</em></strong></span> <span class='ocrx_word' id='word_1_128' title='bbox 1055 1720 1196 1801; x_wconf 86' lang='grc' dir='ltr'><strong><em>καθάπερ</em></strong></span> 
     </span>
     <span class='ocr_line' id='line_1_17' title="bbox 154 1815 1199 1902; baseline 0.001 -24"><span class='ocrx_word' id='word_1_129' title='bbox 154 1816 156 1819; x_wconf 66' lang='grc'><strong>’</strong></span> <span class='ocrx_word' id='word_1_130' title='bbox 177 1816 235 1878; x_wconf 85' lang='grc' dir='ltr'><strong><em>τινλ</em></strong></span> <span class='ocrx_word' id='word_1_131' title='bbox 253 1815 341 1902; x_wconf 78' lang='grc' dir='ltr'><strong><em>ἀγρίᾳ</em></strong></span> <span class='ocrx_word' id='word_1_132' title='bbox 359 1818 478 1878; x_wconf 86' lang='grc' dir='ltr'><strong><em>λαίλαπι</em></strong></span> <span class='ocrx_word' id='word_1_133' title='bbox 495 1825 532 1902; x_wconf 75' lang='grc' dir='ltr'><strong><em>τῇ</em></strong></span> <span class='ocrx_word' id='word_1_134' title='bbox 547 1815 674 1901; x_wconf 74' lang='grc' dir='ltr'><strong><em>ἁμαρτία</em></strong></span> <span class='ocrx_word' id='word_1_135' title='bbox 692 1817 863 1898; x_wconf 90' lang='grc' dir='ltr'><strong><em>βυθισθείς,</em></strong></span> <span class='ocrx_word' id='word_1_136' title='bbox 881 1815 1034 1899; x_wconf 76' lang='grc' dir='ltr'><strong><em>πρέπουσα</em></strong></span> <span class='ocrx_word' id='word_1_137' title='bbox 1053 1818 1144 1898; x_wconf 76' lang='grc' dir='ltr'><strong><em>φωνὴ</em></strong></span> <span class='ocrx_word' id='word_1_138' title='bbox 1160 1825 1199 1902; x_wconf 77' lang='grc' dir='ltr'><strong><em>τῷ</em></strong></span> 
     </span>
     <span class='ocr_line' id='line_1_18' title="bbox 178 1903 1199 1996; baseline 0 -20"><span class='ocrx_word' id='word_1_139' title='bbox 178 1925 277 1977; x_wconf 81' lang='grc' dir='ltr'><strong><em>πᾶσαν</em></strong></span> <span class='ocrx_word' id='word_1_140' title='bbox 305 1914 380 1996; x_wconf 80' lang='grc' dir='ltr'><strong><em>ὁμοῦ</em></strong></span> <span class='ocrx_word' id='word_1_141' title='bbox 407 1915 463 1995; x_wconf 74' lang='grc' dir='ltr'><strong><em>τὴν</em></strong></span> <span class='ocrx_word' id='word_1_142' title='bbox 490 1913 597 1996; x_wconf 76' lang='grc' dir='ltr'><strong><em>ἀρετὴν</em></strong></span> <span class='ocrx_word' id='word_1_143' title='bbox 622 1903 836 1996; x_wconf 76' lang='grc' dir='ltr'><strong><em>ναυαγήσαντι·</em></strong></span> <span class='ocrx_word' id='word_1_144' title='bbox 860 1905 958 1994; x_wconf 72' lang='grc' dir='ltr'><strong><em>ἦλθον</em></strong></span> <span class='ocrx_word' id='word_1_145' title='bbox 981 1915 1023 1988; x_wconf 89' lang='grc' dir='ltr'><strong><em>είς</em></strong></span> <span class='ocrx_word' id='word_1_146' title='bbox 1049 1913 1085 1975; x_wconf 84' lang='grc' dir='ltr'><strong><em>τδι</em></strong></span> <span class='ocrx_word' id='word_1_147' title='bbox 1108 1917 1199 1996; x_wconf 85' lang='grc' dir='ltr'><strong><em>βάθη</em></strong></span> 
     </span>
     <span class='ocr_line' id='line_1_19' title="bbox 178 2009 920 2094; baseline -0.003 -20"><span class='ocrx_word' id='word_1_148' title='bbox 178 2024 231 2094; x_wconf 76' lang='grc' dir='ltr'><strong><em>τῆς</em></strong></span> <span class='ocrx_word' id='word_1_149' title='bbox 253 2014 417 2094; x_wconf 81' lang='grc' dir='ltr'><strong><em>θαλάσσης,</em></strong></span> <span class='ocrx_word' id='word_1_150' title='bbox 440 2011 490 2074; x_wconf 81' lang='grc' dir='ltr'><strong><em>καὶ</em></strong></span> <span class='ocrx_word' id='word_1_151' title='bbox 512 2010 645 2093; x_wconf 85' lang='grc' dir='ltr'><strong><em>καταιγὶς</em></strong></span> <span class='ocrx_word' id='word_1_152' title='bbox 667 2009 855 2074; x_wconf 86' lang='grc' dir='ltr'><strong><em>κατεπόντισέ</em></strong></span> <span class='ocrx_word' id='word_1_153' title='bbox 877 2035 920 2092; x_wconf 87' lang='grc' dir='ltr'><strong><em>με.</em></strong></span> 
     </span>
     <span class='ocr_line' id='line_1_20' title="bbox 239 2107 1197 2193; baseline 0 -20"><span class='ocrx_word' id='word_1_154' title='bbox 239 2107 393 2185; x_wconf 81' lang='grc' dir='ltr'><strong><em>Ὡσαύτως</em></strong></span> <span class='ocrx_word' id='word_1_155' title='bbox 419 2111 469 2172; x_wconf 87' lang='grc' dir='ltr'><strong><em>καλ</em></strong></span> <span class='ocrx_word' id='word_1_156' title='bbox 497 2109 513 2172; x_wconf 85' lang='grc' dir='ltr'><strong><em>δ</em></strong></span> <span class='ocrx_word' id='word_1_157' title='bbox 541 2107 752 2193; x_wconf 85' lang='grc' dir='ltr'><strong><em>Χρυσόστομός</em></strong></span> <span class='ocrx_word' id='word_1_158' title='bbox 785 2125 891 2189; x_wconf 91' lang='grc' dir='ltr'><strong><em>φησιν·</em></strong></span> <span class='ocrx_word' id='word_1_159' title='bbox 919 2109 969 2171; x_wconf 80' lang='grc' dir='ltr'><strong><em>καὶ</em></strong></span> <span class='ocrx_word' id='word_1_160' title='bbox 998 2109 1053 2192; x_wconf 86' lang='grc' dir='ltr'><strong><em>γὰρ</em></strong></span> <span class='ocrx_word' id='word_1_161' title='bbox 1081 2111 1156 2173; x_wconf 82' lang='grc' dir='ltr'><strong><em>όταν</em></strong></span> <span class='ocrx_word' id='word_1_162' title='bbox 1181 2111 1197 2173; x_wconf 86' lang='grc' dir='ltr'><strong><em>δ</em></strong></span> 
     </span>
     <span class='ocr_line' id='line_1_21' title="bbox 139 2202 1198 2294; baseline -0.001 -23"><span class='ocrx_word' id='word_1_163' title='bbox 139 2233 165 2271; x_wconf 85' lang='grc' dir='ltr'><strong><em>οο</em></strong></span> <span class='ocrx_word' id='word_1_164' title='bbox 180 2211 317 2291; x_wconf 84' lang='grc' dir='ltr'><strong><em>διάβολος</em></strong></span> <span class='ocrx_word' id='word_1_165' title='bbox 337 2210 386 2294; x_wconf 77' lang='grc' dir='ltr'><strong><em>ἴδη</em></strong></span> <span class='ocrx_word' id='word_1_166' title='bbox 405 2208 498 2270; x_wconf 78' lang='grc' dir='ltr'><strong><em>πολλὰ</em></strong></span> <span class='ocrx_word' id='word_1_167' title='bbox 512 2207 719 2289; x_wconf 84' lang='grc' dir='ltr'><strong><em>συνειληχότας</em></strong></span> <span class='ocrx_word' id='word_1_168' title='bbox 734 2208 951 2288; x_wconf 80' lang='grc' dir='ltr'><strong><em>κατορθώματα</em></strong></span> <span class='ocrx_word' id='word_1_169' title='bbox 966 2202 1031 2268; x_wconf 80' lang='grc' dir='ltr'><strong><em>οἷον</em></strong></span> <span class='ocrx_word' id='word_1_170' title='bbox 1045 2210 1198 2290; x_wconf 86' lang='grc' dir='ltr'><strong><em>νηστείαν,</em></strong></span> 
     </span>
     <span class='ocr_line' id='line_1_22' title="bbox 179 2303 1198 2388; baseline 0 -19"><span class='ocrx_word' id='word_1_171' title='bbox 179 2307 279 2388; x_wconf 75' lang='grc' dir='ltr'><strong><em>εὐχήν,</em></strong></span> <span class='ocrx_word' id='word_1_172' title='bbox 302 2307 513 2388; x_wconf 81' lang='grc' dir='ltr'><strong><em>ἐλεημοσύνην,</em></strong></span> <span class='ocrx_word' id='word_1_173' title='bbox 536 2307 718 2388; x_wconf 79' lang='grc' dir='ltr'><strong><em>παρθενίαν,</em></strong></span> <span class='ocrx_word' id='word_1_174' title='bbox 742 2306 797 2386; x_wconf 78' lang='grc' dir='ltr'><strong><em>την</em></strong></span> <span class='ocrx_word' id='word_1_175' title='bbox 820 2303 912 2386; x_wconf 85' lang='grc' dir='ltr'><strong><em>άλλην</em></strong></span> <span class='ocrx_word' id='word_1_176' title='bbox 934 2307 1053 2366; x_wconf 78' lang='grc' dir='ltr'><strong><em>ἅπασαν</em></strong></span> <span class='ocrx_word' id='word_1_177' title='bbox 1076 2305 1198 2388; x_wconf 79' lang='grc' dir='ltr'><strong><em>ἀρετήν,</em></strong></span> 
     </span>
     <span class='ocr_line' id='line_1_23' title="bbox 179 2401 1198 2490; baseline 0 -24"><span class='ocrx_word' id='word_1_178' title='bbox 179 2406 250 2466; x_wconf 84' lang='grc' dir='ltr'><strong><em>ὅταν</em></strong></span> <span class='ocrx_word' id='word_1_179' title='bbox 273 2406 324 2490; x_wconf 81' lang='grc' dir='ltr'><strong><em>ἴδη</em></strong></span> <span class='ocrx_word' id='word_1_180' title='bbox 347 2404 438 2487; x_wconf 88' lang='grc' dir='ltr'><strong><em>γέμον</em></strong></span> <span class='ocrx_word' id='word_1_181' title='bbox 466 2404 498 2466; x_wconf 87' lang='grc' dir='ltr'><strong><em>τὸ</em></strong></span> <span class='ocrx_word' id='word_1_182' title='bbox 525 2408 631 2466; x_wconf 84' lang='grc' dir='ltr'><strong><em>πλοῖον</em></strong></span> <span class='ocrx_word' id='word_1_183' title='bbox 658 2401 743 2482; x_wconf 81' lang='grc' dir='ltr'><strong><em>ἡμῶν</em></strong></span> <span class='ocrx_word' id='word_1_184' title='bbox 766 2414 825 2465; x_wconf 91' lang='grc' dir='ltr'><strong><em>τῶν</em></strong></span> <span class='ocrx_word' id='word_1_185' title='bbox 847 2408 1014 2475; x_wconf 84' lang='grc' dir='ltr'><strong><em>πολυτελῶν</em></strong></span> <span class='ocrx_word' id='word_1_186' title='bbox 1037 2414 1090 2484; x_wconf 79' lang='grc' dir='ltr'><strong><em>τῆς</em></strong></span> <span class='ocrx_word' id='word_1_187' title='bbox 1113 2404 1198 2466; x_wconf 85' lang='grc' dir='ltr'><strong><em>εύσε-</em></strong></span> 
     </span>
     <span class='ocr_line' id='line_1_24' title="bbox 179 2501 1197 2584; baseline 0.001 -20"><span class='ocrx_word' id='word_1_188' title='bbox 179 2504 260 2581; x_wconf 90' lang='grc' dir='ltr'><strong><em>βείας</em></strong></span> <span class='ocrx_word' id='word_1_189' title='bbox 286 2501 519 2584; x_wconf 86' lang='grc' dir='ltr'><strong><em>ἀριστευμάτων,</em></strong></span> <span class='ocrx_word' id='word_1_190' title='bbox 550 2502 613 2564; x_wconf 90' lang='grc' dir='ltr'><strong><em>τότε</em></strong></span> <span class='ocrx_word' id='word_1_191' title='bbox 640 2501 816 2584; x_wconf 87' lang='grc' dir='ltr'><strong><em>προσβάλλει</em></strong></span> <span class='ocrx_word' id='word_1_192' title='bbox 848 2502 999 2562; x_wconf 86' lang='grc' dir='ltr'><strong><em>πάντοθεν</em></strong></span> <span class='ocrx_word' id='word_1_193' title='bbox 1030 2501 1197 2583; x_wconf 86' lang='grc' dir='ltr'><strong><em>διορύττων</em></strong></span> 
     </span>
     <span class='ocr_line' id='line_1_25' title="bbox 179 2593 1199 2681; baseline 0.003 -22"><span class='ocrx_word' id='word_1_194' title='bbox 179 2598 228 2660; x_wconf 83' lang='grc' dir='ltr'><strong><em>καὶ</em></strong></span> <span class='ocrx_word' id='word_1_195' title='bbox 251 2598 452 2679; x_wconf 88' lang='grc' dir='ltr'><strong><em>ἐπιβουλεύων</em></strong></span> <span class='ocrx_word' id='word_1_196' title='bbox 470 2598 522 2660; x_wconf 90' lang='grc' dir='ltr'><strong><em>τὸν</em></strong></span> <span class='ocrx_word' id='word_1_197' title='bbox 540 2598 708 2681; x_wconf 90' lang='grc' dir='ltr'><strong><em>θησαυρόν,</em></strong></span> <span class='ocrx_word' id='word_1_198' title='bbox 727 2597 798 2661; x_wconf 75' lang='grc' dir='ltr'><strong><em>ὥστε</em></strong></span> <span class='ocrx_word' id='word_1_199' title='bbox 821 2595 892 2680; x_wconf 89' lang='grc' dir='ltr'><strong><em>παρ’</em></strong></span> <span class='ocrx_word' id='word_1_200' title='bbox 913 2593 988 2661; x_wconf 86' lang='grc' dir='ltr'><strong><em>αύτδι</em></strong></span> <span class='ocrx_word' id='word_1_201' title='bbox 1006 2607 1058 2660; x_wconf 82' lang='grc' dir='ltr'><strong><em>τοῦ</em></strong></span> <span class='ocrx_word' id='word_1_202' title='bbox 1077 2597 1199 2678; x_wconf 82' lang='grc' dir='ltr'><strong><em>λιμένος</em></strong></span> 
     </span>
    </p>
   </div>
   <div class='ocr_carea' id='block_1_3' title="bbox 139 2694 1198 2779">
    <p class='ocr_par' dir='ltr' id='par_1_3' title="bbox 139 2694 1198 2779">
     <span class='ocr_line' id='line_1_26' title="bbox 139 2694 1198 2779; baseline -0.002 -19"><span class='ocrx_word' id='word_1_203' title='bbox 139 2720 165 2760; x_wconf 78' lang='grc' dir='ltr'><strong><em>οε</em></strong></span> <span class='ocrx_word' id='word_1_204' title='bbox 180 2696 215 2757; x_wconf 85' lang='grc' dir='ltr'><strong><em>τά</em></strong></span> <span class='ocrx_word' id='word_1_205' title='bbox 233 2696 360 2775; x_wconf 88' lang='grc' dir='ltr'><strong><em>στόματα</em></strong></span> <span class='ocrx_word' id='word_1_206' title='bbox 381 2697 545 2757; x_wconf 83' lang='grc' dir='ltr'><strong><em>καταδῦσαι</em></strong></span> <span class='ocrx_word' id='word_1_207' title='bbox 567 2697 600 2758; x_wconf 87' lang='grc' dir='ltr'><strong><em>τὸ</em></strong></span> <span class='ocrx_word' id='word_1_208' title='bbox 619 2697 745 2778; x_wconf 84' lang='grc' dir='ltr'><strong><em>σκάφος,</em></strong></span> <span class='ocrx_word' id='word_1_209' title='bbox 768 2695 818 2760; x_wconf 79' lang='grc' dir='ltr'><strong><em>καὶ</em></strong></span> <span class='ocrx_word' id='word_1_210' title='bbox 839 2695 973 2778; x_wconf 81' lang='grc' dir='ltr'><strong><em>γυμνούς</em></strong></span> <span class='ocrx_word' id='word_1_211' title='bbox 996 2694 1046 2757; x_wconf 79' lang='grc' dir='ltr'><strong><em>καὶ</em></strong></span> <span class='ocrx_word' id='word_1_212' title='bbox 1065 2695 1198 2779; x_wconf 81' lang='grc' dir='ltr'><strong><em>ἐρήμους</em></strong></span> 
     </span>
    </p>
   </div>
   <div class='ocr_carea' id='block_1_4' title="bbox 181 2849 1197 3060">
    <p class='ocr_par' dir='ltr' id='par_1_4' title="bbox 181 2849 1197 3060">
     <span class='ocr_line' id='line_1_27' title="bbox 250 2849 1197 2920; baseline 0.002 -18"><span class='ocrx_word' id='word_1_213' title='bbox 250 2849 305 2902; x_wconf 77' lang='lat'><strong><em>31.</em></strong></span> <span class='ocrx_word' id='word_1_214' title='bbox 325 2849 395 2904; x_wconf 78' lang='lat' dir='ltr'>Tim.</span> <span class='ocrx_word' id='word_1_215' title='bbox 417 2856 446 2917; x_wconf 87' lang='lat'><strong><em>1,</em></strong></span> <span class='ocrx_word' id='word_1_216' title='bbox 466 2854 507 2902; x_wconf 86' lang='lat'><strong><em>19.</em></strong></span> <span class='ocrx_word' id='word_1_217' title='bbox 533 2880 565 2890; x_wconf 90' lang='grc'><strong>-</strong></span> <span class='ocrx_word' id='word_1_218' title='bbox 590 2850 745 2906; x_wconf 72' lang='lat' dir='ltr'><strong>17Psa1m.</strong></span> <span class='ocrx_word' id='word_1_219' title='bbox 766 2855 799 2904; x_wconf 83' lang='grc' dir='ltr'><strong><em>οε</em></strong></span> <span class='ocrx_word' id='word_1_220' title='bbox 819 2852 887 2920; x_wconf 78' lang='grc' dir='ltr'><strong><em>(σε),</em></strong></span> <span class='ocrx_word' id='word_1_221' title='bbox 907 2855 931 2905; x_wconf 83' lang='lat'><strong><em>3.</em></strong></span> <span class='ocrx_word' id='word_1_222' title='bbox 952 2881 986 2890; x_wconf 90' lang='lat'><em>-</em></span> <span class='ocrx_word' id='word_1_223' title='bbox 1011 2856 1115 2918; x_wconf 81' lang='lat' dir='ltr'>19-p.</span> <span class='ocrx_word' id='word_1_224' title='bbox 1132 2856 1197 2917; x_wconf 76' lang='lat'>211,</span> 
     </span>
     <span class='ocr_line' id='line_1_28' title="bbox 181 2919 1196 3060; baseline -0.002 -81"><span class='ocrx_word' id='word_1_225' title='bbox 181 2921 373 3060; x_wconf 48' lang='grc' dir='ltr'><strong><em>ηημρὶγιοει,</em></strong></span> <span class='ocrx_word' id='word_1_226' title='bbox 394 2920 438 2974; x_wconf 70' lang='grc' dir='ltr'><strong><em>οε,</em></strong></span> <span class='ocrx_word' id='word_1_227' title='bbox 458 2920 489 2974; x_wconf 88' lang='lat' dir='ltr'><strong><em>in</em></strong></span> <span class='ocrx_word' id='word_1_228' title='bbox 506 2919 579 2974; x_wconf 66' lang='lat' dir='ltr'><strong><em>mua</em></strong></span> <span class='ocrx_word' id='word_1_229' title='bbox 593 2921 661 2976; x_wconf 75' lang='grc' dir='ltr'><strong><em>νεα</em></strong></span> <span class='ocrx_word' id='word_1_230' title='bbox 680 2923 824 2976; x_wconf 70' lang='lat' dir='ltr'><strong>dominum</strong></span> <span class='ocrx_word' id='word_1_231' title='bbox 841 2921 892 2989; x_wconf 79' lang='lat'><strong><em>111,</em></strong></span> <span class='ocrx_word' id='word_1_232' title='bbox 910 2927 925 2974; x_wconf 78' lang='grc' dir='ltr'><strong><em>ι</em></strong></span> <span class='ocrx_word' id='word_1_233' title='bbox 945 2920 1042 2990; x_wconf 75' lang='lat' dir='ltr'>Migne</span> <span class='ocrx_word' id='word_1_234' title='bbox 1055 2920 1133 2976; x_wconf 63' lang='grc' dir='ltr'><strong><em>τοι.</em></strong></span> <span class='ocrx_word' id='word_1_235' title='bbox 1149 2929 1196 2991; x_wconf 79' lang='grc' dir='ltr'><strong><em>τε,</em></strong></span> 
     </span>
    </p>
   </div>
   <div class='ocr_carea' id='block_1_5' title="bbox 180 3097 1198 3453">
    <p class='ocr_par' dir='ltr' id='par_1_5' title="bbox 180 3097 1198 3453">
     <span class='ocr_line' id='line_1_29' title="bbox 252 3097 1197 3170; baseline 0.002 -17"><span class='ocrx_word' id='word_1_236' title='bbox 252 3105 267 3153; x_wconf 85' lang='grc'>6</span> <span class='ocrx_word' id='word_1_237' title='bbox 286 3099 354 3170; x_wconf 85' lang='grc' dir='ltr'><strong><em>μετά</em></strong></span> <span class='ocrx_word' id='word_1_238' title='bbox 372 3097 531 3169; x_wconf 74' lang='grc' dir='ltr'><strong><em>προσευχὴν</em></strong></span> <span class='ocrx_word' id='word_1_239' title='bbox 550 3099 646 3169; x_wconf 79' lang='grc' dir='ltr'><strong><em>ἐκτενῆ</em></strong></span> <span class='ocrx_word' id='word_1_240' title='bbox 666 3117 716 3154; x_wconf 84' lang='lat' dir='ltr'><strong><em>om.</em></strong></span> <span class='ocrx_word' id='word_1_241' title='bbox 731 3099 842 3154; x_wconf 77' lang='lat' dir='ltr'><strong>BGFN.</strong></span> <span class='ocrx_word' id='word_1_242' title='bbox 862 3131 897 3140; x_wconf 85' lang='lat'><strong><em>--</em></strong></span> <span class='ocrx_word' id='word_1_243' title='bbox 920 3104 937 3154; x_wconf 88' lang='lat'>8</span> <span class='ocrx_word' id='word_1_244' title='bbox 956 3099 1005 3154; x_wconf 84' lang='grc' dir='ltr'><strong><em>διά</em></strong></span> <span class='ocrx_word' id='word_1_245' title='bbox 1024 3097 1197 3167; x_wconf 83' lang='grc' dir='ltr'><strong><em>ἀπροσεξίαν</em></strong></span> 
     </span>
     <span class='ocr_line' id='line_1_30' title="bbox 180 3169 1195 3240; baseline -0.001 -15"><span class='ocrx_word' id='word_1_246' title='bbox 180 3171 234 3225; x_wconf 75' lang='grc' dir='ltr'><strong><em>ΟΡ.</em></strong></span> <span class='ocrx_word' id='word_1_247' title='bbox 260 3203 294 3212; x_wconf 85' lang='lat'>-</span> <span class='ocrx_word' id='word_1_248' title='bbox 321 3175 337 3224; x_wconf 87' lang='grc'>9</span> <span class='ocrx_word' id='word_1_249' title='bbox 355 3169 672 3239; x_wconf 82' lang='grc' dir='ltr'><strong><em>τὸν-εύθηνούμενον</em></strong></span> <span class='ocrx_word' id='word_1_250' title='bbox 690 3170 715 3224; x_wconf 75' lang='lat' dir='ltr'><strong>R</strong></span> <span class='ocrx_word' id='word_1_251' title='bbox 737 3169 1028 3240; x_wconf 85' lang='grc' dir='ltr'><strong><em>τῶ-εύθηνουμένω</em></strong></span> <span class='ocrx_word' id='word_1_252' title='bbox 1047 3170 1069 3223; x_wconf 92' lang='grc' dir='ltr'>Β</span> <span class='ocrx_word' id='word_1_253' title='bbox 1085 3178 1195 3240; x_wconf 45' lang='grc' dir='ltr'><strong><em>,τῶν-</em></strong></span> 
     </span>
     <span class='ocr_line' id='line_1_31' title="bbox 180 3241 1198 3312; baseline -0.001 -16"><span class='ocrx_word' id='word_1_254' title='bbox 180 3241 398 3311; x_wconf 72' lang='grc' dir='ltr'><strong><em>εὐθηνουμένων</em></strong></span> <span class='ocrx_word' id='word_1_255' title='bbox 421 3242 530 3312; x_wconf 80' lang='grc' dir='ltr'><strong><em>(εδθυν.</em></strong></span> <span class='ocrx_word' id='word_1_256' title='bbox 550 3241 590 3311; x_wconf 85' lang='grc' dir='ltr'><strong><em>Μ)</em></strong></span> <span class='ocrx_word' id='word_1_257' title='bbox 612 3241 673 3296; x_wconf 85' lang='lat' dir='ltr'>rell.</span> <span class='ocrx_word' id='word_1_258' title='bbox 711 3245 749 3297; x_wconf 83' lang='grc' dir='ltr'><strong><em>Ιιι</em></strong></span> <span class='ocrx_word' id='word_1_259' title='bbox 771 3243 796 3298; x_wconf 95' lang='lat' dir='ltr'><strong>D</strong></span> <span class='ocrx_word' id='word_1_260' title='bbox 819 3261 853 3297; x_wconf 84' lang='lat' dir='ltr'><strong><em>m.</em></strong></span> <span class='ocrx_word' id='word_1_261' title='bbox 873 3246 892 3297; x_wconf 81' lang='lat'><em>2</em></span> <span class='ocrx_word' id='word_1_262' title='bbox 915 3259 982 3297; x_wconf 83' lang='lat' dir='ltr'><strong><em>corr.</em></strong></span> <span class='ocrx_word' id='word_1_263' title='bbox 1013 3274 1045 3282; x_wconf 86' lang='lat'>—</span> <span class='ocrx_word' id='word_1_264' title='bbox 1078 3247 1110 3295; x_wconf 75' lang='lat'><strong><em>15</em></strong></span> <span class='ocrx_word' id='word_1_265' title='bbox 1130 3261 1198 3312; x_wconf 86' lang='grc' dir='ltr'><strong><em>κτη-</em></strong></span> 
     </span>
     <span class='ocr_line' id='line_1_32' title="bbox 180 3311 1196 3376; baseline 0 -10"><span class='ocrx_word' id='word_1_266' title='bbox 180 3311 286 3366; x_wconf 85' lang='grc' dir='ltr'><strong><em>σθέντα</em></strong></span> <span class='ocrx_word' id='word_1_267' title='bbox 305 3311 353 3366; x_wconf 80' lang='grc' dir='ltr'><strong><em>ΟΡ</em></strong></span> <span class='ocrx_word' id='word_1_268' title='bbox 376 3311 527 3367; x_wconf 75' lang='grc' dir='ltr'><strong><em>κτισθέντα</em></strong></span> <span class='ocrx_word' id='word_1_269' title='bbox 544 3311 574 3365; x_wconf 88' lang='grc' dir='ltr'>Μ</span> <span class='ocrx_word' id='word_1_270' title='bbox 598 3312 753 3369; x_wconf 75' lang='grc' dir='ltr'><strong><em>ἐκταθέντα</em></strong></span> <span class='ocrx_word' id='word_1_271' title='bbox 771 3314 803 3368; x_wconf 92' lang='lat' dir='ltr'><strong><em>R.</em></strong></span> <span class='ocrx_word' id='word_1_272' title='bbox 829 3347 862 3354; x_wconf 90' lang='lat'><em>-</em></span> <span class='ocrx_word' id='word_1_273' title='bbox 887 3318 919 3366; x_wconf 89' lang='grc'><strong><em>19</em></strong></span> <span class='ocrx_word' id='word_1_274' title='bbox 939 3313 1069 3376; x_wconf 82' lang='grc' dir='ltr'><strong><em>ὡσαύτως</em></strong></span> <span class='ocrx_word' id='word_1_275' title='bbox 1091 3313 1122 3366; x_wconf 81' lang='grc' dir='ltr'><strong><em>δὲ</em></strong></span> <span class='ocrx_word' id='word_1_276' title='bbox 1145 3315 1196 3367; x_wconf 81' lang='grc' dir='ltr'><strong><em>καί</em></strong></span> 
     </span>
     <span class='ocr_line' id='line_1_33' title="bbox 181 3382 974 3453; baseline 0.003 -17"><span class='ocrx_word' id='word_1_277' title='bbox 181 3383 260 3436; x_wconf 78' lang='lat' dir='ltr'><strong>codd.</strong></span> <span class='ocrx_word' id='word_1_278' title='bbox 276 3389 386 3452; x_wconf 74' lang='lat' dir='ltr'><strong><em>praeter</em></strong></span> <span class='ocrx_word' id='word_1_279' title='bbox 404 3383 462 3437; x_wconf 91' lang='lat' dir='ltr'><strong><em>BP.</em></strong></span> <span class='ocrx_word' id='word_1_280' title='bbox 482 3414 516 3422; x_wconf 96' lang='lat'><em>-</em></span> <span class='ocrx_word' id='word_1_281' title='bbox 536 3388 570 3436; x_wconf 74' lang='lat'><strong><em>22</em></strong></span> <span class='ocrx_word' id='word_1_282' title='bbox 588 3382 667 3451; x_wconf 77' lang='grc' dir='ltr'><strong><em>ημῶν</em></strong></span> <span class='ocrx_word' id='word_1_283' title='bbox 685 3383 739 3438; x_wconf 88' lang='lat' dir='ltr'><strong><em>NP</em></strong></span> <span class='ocrx_word' id='word_1_284' title='bbox 749 3383 810 3438; x_wconf 83' lang='lat' dir='ltr'>Chr.</span> <span class='ocrx_word' id='word_1_285' title='bbox 830 3383 897 3453; x_wconf 78' lang='grc' dir='ltr'><strong><em>ἡμῖν</em></strong></span> <span class='ocrx_word' id='word_1_286' title='bbox 914 3383 974 3438; x_wconf 82' lang='lat' dir='ltr'>rell.</span> 
     </span>
    </p>
   </div>
   <div class='ocr_carea' id='block_1_6' title="bbox 183 3503 1198 3646">
    <p class='ocr_par' dir='ltr' id='par_1_6' title="bbox 183 3503 1198 3646">
     <span class='ocr_line' id='line_1_34' title="bbox 200 3503 1198 3627; baseline 0.008 -71"><span class='ocrx_word' id='word_1_287' title='bbox 200 3575 204 3585; x_wconf 37' lang='grc' dir='ltr'>Ι</span> <span class='ocrx_word' id='word_1_288' title='bbox 252 3510 286 3557; x_wconf 75' lang='lat'><strong><em>25</em></strong></span> <span class='ocrx_word' id='word_1_289' title='bbox 306 3503 424 3627; x_wconf 74' lang='grc' dir='ltr'><strong><em>ἐρήμους</em></strong></span> <span class='ocrx_word' id='word_1_290' title='bbox 442 3507 490 3560; x_wconf 86' lang='grc' dir='ltr'><strong><em>καλ</em></strong></span> <span class='ocrx_word' id='word_1_291' title='bbox 508 3506 776 3577; x_wconf 79' lang='grc' dir='ltr'><strong><em>κεκινδυνευμένους</em></strong></span> <span class='ocrx_word' id='word_1_292' title='bbox 795 3505 853 3577; x_wconf 89' lang='grc' dir='ltr'><strong><em>(καί</em></strong></span> <span class='ocrx_word' id='word_1_293' title='bbox 872 3527 903 3563; x_wconf 87' lang='grc' dir='ltr'><strong><em>κε</em></strong></span> <span class='ocrx_word' id='word_1_294' title='bbox 921 3526 954 3562; x_wconf 85' lang='grc' dir='ltr'><strong><em>ιιι.</em></strong></span> <span class='ocrx_word' id='word_1_295' title='bbox 970 3512 989 3563; x_wconf 81' lang='lat'><em>2</em></span> <span class='ocrx_word' id='word_1_296' title='bbox 1007 3511 1039 3562; x_wconf 84' lang='grc' dir='ltr'><strong><em>ιἰι</em></strong></span> <span class='ocrx_word' id='word_1_297' title='bbox 1054 3507 1093 3564; x_wconf 75' lang='lat' dir='ltr'><em>lit.</em></span> <span class='ocrx_word' id='word_1_298' title='bbox 1109 3509 1198 3564; x_wconf 76' lang='grc' dir='ltr'><strong><em>ιιιιίιιε</em></strong></span> 
     </span>
     <span class='ocr_line' id='line_1_35' title="bbox 183 3575 608 3646; baseline 0.014 -21"><span class='ocrx_word' id='word_1_299' title='bbox 183 3575 298 3642; x_wconf 62' lang='lat' dir='ltr'><strong><em>laturae)</em></strong></span> <span class='ocrx_word' id='word_1_300' title='bbox 336 3594 405 3644; x_wconf 86' lang='grc' dir='ltr'><strong><em>ποφ.</em></strong></span> <span class='ocrx_word' id='word_1_301' title='bbox 424 3577 472 3630; x_wconf 86' lang='grc' dir='ltr'><strong><em>καλ</em></strong></span> <span class='ocrx_word' id='word_1_302' title='bbox 490 3577 560 3646; x_wconf 79' lang='grc' dir='ltr'><strong><em>μηδὲ</em></strong></span> <span class='ocrx_word' id='word_1_303' title='bbox 579 3576 608 3630; x_wconf 93' lang='lat' dir='ltr'><strong><em>P.</em></strong></span> 
     </span>
    </p>
   </div>
   <div class='ocr_carea' id='block_1_7' title="bbox 0 0 1317 3908">
    <p class='ocr_par' dir='ltr' id='par_1_7' title="bbox 0 0 1317 3908">
     <span class='ocr_line' id='line_1_36' title="bbox 0 0 1317 3908; baseline 0 0"><span class='ocrx_word' id='word_1_304' title='bbox 0 0 1317 3908; x_wconf 95' lang='lat' dir='ltr'><strong><em> </em></strong></span> 
     </span>
    </p>
   </div>
  </div>
 </body>
</html>
