2617 3909
523 242 714 294 XPONIKON
1059 239 1125 304 293

184 387 227 450 Τὰ
255 386 287 450 δὲ
304 384 456 468 Ῥωμαίων
483 389 640 471 πράγματα
666 389 804 452 διοικεῖτο
831 389 937 472 πρώην
963 387 1022 450 ύττὸ
1049 387 1126 449 δπά-

111 510 172 548 των
190 485 239 548 eal
256 486 307 566 ἔτη
325 484 389 561 τξδ’
407 485 463 560 ἕως
478 482 604 548 Ἰουλίου
621 488 772 568 Καίσαρος
789 497 842 549 τοῦ
861 485 902 567 μή
920 484 1126 568 γεννηθέντος.

111 595 166 665 τῆς
188 584 244 666 γὰρ
268 586 377 667 μητρὸς
395 585 489 646 αὐτοῦ
506 585 663 664 θανούσης
680 584 713 647 ἐν
731 591 770 669 τῷ
789 582 827 646 θ’
846 586 927 665 μηνί,
947 583 998 645 καλ
1016 584 1127 662 ταύτην

111 681 322 764 ἀνασχίσαντες
344 681 481 764 ἐξέβαλον
499 682 601 764 αύτύν,
624 683 698 744 ὅθεν
716 682 766 744 καλ
783 682 894 765 λέγεται
911 685 1035 762 Καῖσαρ.
1068 676 1123 760 ἀφ’

112 774 151 842 ού
168 782 316 861 Καίσαρες
334 782 366 842 οἱ
380 775 532 860 Ῥωμαίων
549 782 679 861 βασιλεῖς
696 781 994 864 προσηγορεύθησαν,
1012 779 1029 841 ὅ
1047 778 1125 841 ἔστιν
1153 802 1166 842 ι

114 877 247 958 ἀνατομή
271 877 345 940 κατὰ
367 879 422 958 τήν
444 888 503 939 τῶν
523 872 673 958 Ῥωμαίων
695 884 839 960 γλῶσσαν.

453 1074 680 1167 [Βιβλίον
707 1069 787 1165 Η’.]
1143 1104 1226 1145 νοω.

333 1203 387 1290 [α’.
421 1207 509 1290 Περὶ
529 1201 682 1270 Ἰουλίου
705 1201 909 1292 Καίσαρος]

180 1322 268 1384 Μετά
291 1321 323 1386 δὲ
346 1332 438 1384 ταῦτα
462 1323 638 1404 βασιλεύσας
658 1319 780 1398 Ἰούλιος
801 1327 918 1408 Καῖσαρ
940 1334 1055 1406 πρῶτος
1077 1323 1127 1386 καὶ

112 1407 204 1501 μόνος
222 1420 362 1505 ἐκράτησε
379 1431 439 1484 τῶν
453 1416 626 1502 Ῥωμαϊκῶν
639 1421 796 1504 σκήπτρων
810 1420 880 1502 μετὰ
893 1427 1004 1502 πολλῆς
1016 1421 1128 1503 δπερη-
1142 1444 1168 1482 ιο

112 1519 223 1596 φανίας
245 1518 295 1580 καὶ
318 1518 498 1594 ἀλαζονείας·
523 1520 596 1581 ὅθεν
619 1518 670 1580 καλ
696 1520 839 1601 δικτάτωρ
862 1519 1005 1600 ἐκαλεῖτο,
1028 1519 1046 1580 ὅ
1067 1519 1127 1582 ἐστι
1141 1531 1226 1572 21411·

112 1617 269 1698 μονάρχης.
306 1617 426 1679 πάντων
449 1615 481 1680 δὲ
504 1618 651 1699 κρατήσας
673 1618 707 1679 ἐν
729 1617 880 1698 ίταμότητι
902 1616 952 1679 καί
973 1617 1128 1700 τυραννίδι

112 1713 161 1776 ἐπὶ
188 1714 238 1794 ἔτη
261 1711 307 1793 ιη’
328 1713 465 1800 ἀνῃρέθη
492 1713 541 1776 ἐπὶ
568 1716 742 1798 συγκλήτου.
788 1711 822 1790 ὃς
848 1714 898 1777 καὶ
924 1714 1037 1796 νόμους
1059 1711 1127 1778 Ῥω

113 1814 219 1891 μαίων
232 1812 323 1874 ἔδωκε
345 1811 395 1874 καί
417 1812 469 1887 τὰς
492 1813 641 1888 ίνδίκτους
663 1813 715 1875 καὶ
732 1812 765 1875 τδ
783 1815 937 1894 βίσεκστον
954 1814 1060 1896 ἐφεῦρε
1078 1813 1127 1876 καὶ

111 1910 165 1972 τὸν
188 1919 268 1990 μήνα
287 1903 411 1972 Ἰούλιον
430 1908 563 1991 ὠνόμασε
584 1911 726 1993 πρότερον
744 1913 917 1974 Κυιντίλων
934 1912 1127 1992 καλούμενον.
1142 1934 1168 1973 τι

111 2002 162 2086 ἐφ’
188 2001 224 2071 ού
252 1999 292 2087 ήν
318 2006 369 2069 καλ
388 2002 503 2082 Ἰούδας
526 2005 717 2083 δΓαλιλαῖος
741 2006 813 2086 δ’ἒν
834 2015 898 2084 ταῖς
925 2010 1046 2090 πράξεσι
1069 2019 1128 2070 τῶν

111 2104 284 2167 ἀποστόλων
308 2107 576 2187 μνημονευόμενος,
599 2105 649 2167 καλ
668 2101 858 2187 Ἀντίπατρος
880 2105 896 2168 δ
915 2101 1052 2188 Ἡρώδου
1071 2129 1128 2167 πα-

112 2203 167 2284 τὴρ
190 2202 326 2282 βασιλεὺς
348 2213 401 2284 τῆς
420 2196 568 2278 Ἰουδαίας
590 2202 721 2282 κατέστη.

301 2377 356 2462 [β’.
389 2379 477 2461 Περὶ
500 2381 713 2463 Αύγούστου
736 2380 939 2464 Καίσαρος]

181 2495 269 2556 Μετά
291 2495 324 2558 δὲ
343 2493 468 2558 Ἰούλιον
491 2498 628 2580 Καίσαρα
651 2497 837 2577 ἐβασίλευσεν
859 2494 1033 2579 Αύγουστος
1051 2501 1127 2558 Καῖ-
1142 2520 1169 2558 κο

112 2611 169 2677 σαρ
187 2592 313 2670 ἀνεψιὸς
331 2595 434 2675 αὐτοῦ,
451 2589 606 2674 Ὀκταβίου
625 2596 706 2676 υἱός,
730 2593 745 2657 δ
763 2594 814 2656 καλ
832 2596 982 2676 Σεβαστὸς
1000 2595 1051 2674 ἔτη
1068 2593 1128 2665 νς’.

186 2762 255 2810 1-6
273 2759 307 2826 cf.
323 2756 444 2811 Malalas
453 2775 484 2826 p.
500 2761 586 2824 2141
602 2758 659 2811 Leo
674 2756 795 2812 Gramm.
807 2763 891 2827 1254,
903 2764 926 2813 1.
943 2791 975 2798 -
990 2763 1078 2812 9-15
1092 2760 1127 2826 cf.

112 2826 234 2882 Malalas
248 2846 278 2897 p.
294 2833 360 2896 215,
379 2835 411 2882 21
432 2829 487 2882 Leo
507 2827 628 2882 Gramm.
666 2835 734 2897 .54‚
749 2834 773 2883 3.
798 2861 831 2870 -
856 2835 962 2899 20-1).
978 2834 1073 2896 293‚3
1092 2830 1128 2896 cf.

113 2898 216 2954 Chron.
231 2898 330 2953 Pasch.
341 2917 371 2968 γ.
387 2905 447 2966 360,
462 2905 492 2967 33
508 2905 541 2953 14
560 2899 616 2954 Leo
658 2916 757 2954 mmm.
767 2918 798 2972 p.
813 2905 858 2968 54,
871 2905 914 2955 20.

185 3047 200 3096 1
220 3041 366 3097 ἐδιοινεῖτο
381 3041 430 3096 LR
449 3041 590 3098 ἐδιωκεϊτο
604 3042 637 3096 V.
653 3073 687 3082 -
703 3047 718 3096 θ
735 3042 786 3096 καλ
801 3058 851 3096 om.
867 3040 927 3096 BF.
940 3073 976 3082 -
993 3046 1011 3094 4
1027 3038 1128 3110 καίσαρ

114 3111 196 3167 codd.
207 3121 319 3182 praeter
333 3113 359 3167 V
376 3119 401 3170 et
418 3114 458 3169 είο
484 3130 527 3168 ere
541 3113 674 3182 deinceps.
689 3144 723 3155 -
743 3118 777 3167 10
795 3108 1005 3182 ὑπερηφαυείας
1022 3111 1128 3166 FHLP.

113 3215 148 3224 -
166 3189 200 3237 13
232 3182 350 3254 ωμαίοις
362 3184 440 3238 BLR
475 3181 598 3254 ωμαίους
611 3183 641 3238 Ρ.
656 3215 692 3224 -
710 3189 743 3238 14
758 3181 885 3256 βίσεκτοκ
898 3181 986 3238 ΗΜΡ
1004 3179 1129 3255 βίσεξτον

112 3253 188 3308 FRV
201 3255 219 3326 β
232 3255 375 3321 σεξστονΒ
390 3252 533 3328 βίαεξιττον
548 3253 602 3309 GL.
619 3287 652 3296 —
668 3254 760 3323 ἐξεῦρε
774 3254 834 3308 BR.
850 3286 884 3297 -
900 3260 933 3309 16
949 3252 1069 3323 δνόμασε
1082 3253 1131 3308 Ac

112 3325 202 3378 HMP
221 3326 433 3396 μετωνόμασεΙι
452 3326 563 3382 ἐκάλεσε
576 3325 607 3380 Β.
628 3359 661 3367 -
681 3325 840 3394 κυιντήλιον
858 3324 917 3379 NR
938 3321 1080 3380 κυντίλιον
1099 3326 1129 3379 F.

186 3484 203 3530 4
222 3478 309 3532 αύτδν
328 3476 433 3549 βρέφος
445 3477 543 3532 ΡΜοΙ.
559 3509 592 3518 -
613 3483 629 3532 6
648 3480 773 3547 γλῶτταν
786 3476 815 3531 Ρ.
834 3509 868 3518 -
889 3483 904 3531 9
924 3477 1028 3540 λούλιος
1049 3471 1130 3539 οὗτος

112 3545 216 3614 καίσυρ
230 3547 260 3602 Ρ.
277 3579 310 3588 -
331 3553 364 3603 10
379 3548 508 3618 σκήκτωρ
522 3548 552 3602 P.
567 3580 601 3589 -
616 3547 821 3619 δπεριφανείας
833 3568 863 3604 τε
877 3549 926 3603 καλ
939 3548 968 3604 Ρ.
984 3579 1016 3591 -·
1034 3553 1066 3602 13
1082 3549 1131 3617 ἔτη

111 3619 185 3673 δκτῶ
204 3619 233 3673 Ρ.
253 3651 289 3660 -
308 3624 342 3674 20
362 3619 423 3690 αύγ.
438 3621 487 3674 καλ
505 3618 608 3687 καίσαρ
627 3620 657 3673 Ρ.
