2617 3909
541 222 730 274 Χεοαῑκοα
1099 225 1143 290 99

128 369 301 448 συνηθείας.
347 365 368 448 ἡ
391 366 445 449 μὲν
467 369 523 451 γὰρ
545 368 673 448 ἀλήθεια
695 371 824 452 γνησίως
842 371 1006 451 ζητουμένη
1024 373 1143 448 πάντως

127 466 300 548 εὑρίσκεται,
324 466 357 529 τὸ
381 465 413 529 δέ
435 467 508 539 ἔθος
530 466 637 529 ὁποῖον
660 465 698 528 ἀν
721 469 933 549 παραληφθείη
956 469 1011 530 εἴτε
1029 468 1142 549 ἀληθὲς

126 565 185 626 εἴτε
207 561 318 641 ψευδὲς
340 563 466 647 ἀκρίτως
488 559 543 643 ὑφ’
565 564 672 626 ἑαυτοῦ
695 564 881 646 κρατύνεται,
906 565 956 627 καὶ
979 564 1046 629 ούτε
1069 566 1141 648 ἀληκ

125 761 165 824 ού
186 759 243 842 γὰρ
264 762 357 841 κρίσει
379 758 453 822 ἀλλά
474 761 624 842 προλήψει
646 759 663 823 ὁ
686 769 819 835 τοιοῦτος
841 762 1013 826 πεπίστευκε
1035 765 1140 849 γνώμη
1167 783 1181 828 σ

49 933 54 939 ¹
124 868 186 920 τῶν
221 857 280 941 πρὸ
316 858 409 920 αύτού
445 853 492 920 ἐπ’
522 857 622 944 ἀδηλφ
653 859 727 943 τύχη
758 858 814 938 τὴν
846 859 926 921 ἰδίαν
955 860 1141 937 ἐπιδεδωκὼς

123 955 237 1018 ἐλπίδα.
282 954 333 1017 καί
364 956 421 1018 ούκ
451 955 511 1018 ἔστι
543 957 654 1040 ῥηιδίως
686 954 898 1018 ἀποδύσασθαι
929 957 984 1036 τὴν
1015 961 1140 1040 πάτριον

124 1053 301 1136 περιβολήν,
333 1051 390 1115 κάν
421 1053 502 1115 πάνυ
528 1054 609 1138 αύτῷ
637 1055 788 1117 δείκνυται
815 1056 911 1136 μωρία
931 1055 987 1124 Ικαί
1018 1056 1139 1139 καταγέ-

124 1157 232 1226 λαστος
254 1143 337 1213 ούσα.
370 1151 476 1213 αύτίκα
497 1161 572 1233 γοῦν
590 1149 647 1233 ἐγὼ
665 1151 720 1231 τὴν
738 1145 810 1232 παρ’
833 1144 983 1230 Ἑλλήνων
1001 1156 1139 1216 παιδείαν

12 1305 16 1309 ,
122 1248 175 1311 καί
199 1250 376 1328 φληναφίαν
397 1258 492 1310 κακού
515 1249 658 1327 δαίμονος
675 1249 879 1329 χαλεπωτάτην
897 1249 1044 1313 ὑπόθεσιν
1062 1246 1138 1314 εἶναι
1152 1273 1179 1315 ιο

16 3657 21 3662 ,
117 3599 204 3670 βτμιεν
254 3584 339 3653 Clem

122 1345 207 1429 λέγω.
252 1347 285 1409 οἱ
309 1345 363 1427 μέν
390 1346 446 1430 γὰρ
473 1345 572 1408 αύτῶν
599 1346 727 1420 πολλούς
756 1346 849 1421 θεούς
871 1348 1065 1429 εἰσηγήσαντο
1088 1349 1139 1411 καί

124 1446 250 1518 τούτους
272 1443 408 1523 φαύλους
430 1443 480 1505 καί
502 1449 716 1526 παντοπαθεῖς,
739 1445 789 1505 ἵνα
807 1444 824 1508 δ
843 1444 877 1506 τὰ
896 1445 984 1526 όμοια
1001 1447 1138 1529 πράττειν

123 1541 237 1605 ἐθέλων
268 1539 343 1622 μηδὲ
375 1543 513 1624 αἰδεῖται,
541 1542 611 1625 ὅπερ
639 1542 718 1603 ἴδιον
744 1540 925 1624 ἀνθρώπου,
953 1544 1138 1627 παράδειγμα
1227 1591 1229 1596 ,

121 1650 183 1702 τῶν
210 1639 482 1722 μυθολογουμένων
508 1645 590 1702 θεῶν
619 1639 693 1720 ἔχων
720 1640 790 1714 τούς
817 1642 974 1714 κακίστους
996 1642 1046 1704 καί
1069 1642 1138 1706 άσέ-

122 1761 218 1818 μνους
245 1738 339 1818 βίους.
384 1743 425 1822 τῷ
452 1736 484 1800 δέ
512 1737 553 1818 μὴ
581 1738 731 1800 αἰδεῖσθαι
758 1736 828 1800 ούδέ
856 1739 1011 1818 μετανοίας
1033 1739 1137 1804 ἐλπίδα
1151 1761 1177 1806 15

121 1835 241 1908 πάντως
263 1832 280 1895 δ
303 1844 435 1908 τοιοῦτος
462 1834 607 1914 ἐμφαίνει.
653 1837 686 1897 οί
705 1832 737 1898 δὲ
760 1834 940 1918 εἱμαρμένην
963 1835 1136 1919 ἐπλάσαντο,

120 1933 240 2012 πλάνην
276 1931 376 2014 ἑτέραν
412 1932 467 2012 τὴν
503 1931 663 2015 λεγομένην
694 1931 823 2014 γένεσιν,
854 1926 891 2012 ἧς
922 1921 1010 2018 χωρίς
1042 1935 1136 2015 μηδὲν

120 2032 244 2114 πάσχειν
267 2029 287 2112 ἣ
310 2037 407 2094 ποιεῖν
429 2054 456 2092 τι
484 2031 638 2093 δύνασθαί
662 2053 728 2092 τινα
750 2036 1004 2113 τερατολογούσιν,
1027 2032 1078 2095 καί
1099 2042 1135 2118 τῇ

120 2129 197 2214 αὐτῇ
221 2129 319 2214 πλάνη
341 2128 391 2191 καί
414 2130 569 2214 δυσσεβείηι
590 2129 826 2212 περιπίπτουσιν.
871 2129 995 2208 νομίσας
1017 2131 1073 2212 γάρ
1091 2153 1136 2204 τις

121 2228 167 2289 ὅτι
193 2227 273 2311 παρὰ
300 2225 415 2309 γένεσιν
442 2222 494 2289 εἴτ’
524 2219 581 2289 ούν
607 2225 788 2308 εἱμαρμένην
817 2225 917 2300 οὐδεὶς
944 2225 1010 2289 ούτε
1037 2234 1134 2290 ποιεῖν
1148 2249 1176 2290 ιο

121 2323 189 2387 ούτε
220 2325 343 2405 πάσχειν
373 2325 511 2399 ἐξουσίαν
537 2325 608 2406 ἔχει,
635 2325 745 2409 ῥηιδίως
776 2323 882 2386 λοιπὸν
913 2321 954 2398 ὡς
981 2325 1135 2405 κτηνώδης

120 2422 169 2486 ἐπί
187 2422 220 2485 τὸ
238 2421 417 2504 ἁμαρτάνειν
435 2422 544 2504 ἔρχεται
562 2421 612 2484 καί
632 2421 771 2504 ἁμαρτὼν
789 2421 826 2484 ού
845 2428 1041 2502 μεταμελεῖται
1058 2445 1134 2486 παν-

120 2526 209 2594 τελῶς
236 2517 286 2599 ἐφ’
312 2515 357 2594 οίς
378 2519 523 2601 ἠσέβησεν
545 2519 708 2601 ἀπολογίαν
735 2517 844 2602 ἀλογον
867 2519 981 2601 φέρων,
1012 2519 1052 2594 ὡς
1074 2520 1134 2584 ύπὸ

120 2617 259 2700 γενέσεως
294 2616 370 2680 αύτόι
405 2625 502 2682 ποιεῖν
537 2619 749 2700 ἐξηνάγκασεν,
781 2617 831 2680 καί
863 2617 903 2692 ὡς
934 2617 990 2698 τὴν
1021 2617 1134 2702 γένεσιν

120 2714 215 2789 άλλως
247 2722 434 2796 κατορθῶσαι
466 2716 507 2798 μη
539 2717 705 2796 δυνάμενος
735 2713 806 2778 ούδέ
837 2715 869 2778 τὸ
899 2715 1049 2778 αἰδεῖσθαι
1076 2717 1133 2799 έχει
1146 2733 1174 2780 τε

120 2809 170 2892 ἐφ’
196 2807 241 2887 οίς
263 2813 461 2894 ἐξαμαρτάνει.
497 2812 580 2875 ἀλλον
603 2811 635 2875 δὲ
656 2812 843 2894 ἀπρονόητον
862 2813 961 2895 φορὰν
978 2815 1132 2896 είσηγούν-

119 2935 168 2972 ται
196 2909 247 2972 καί
273 2908 382 2992 όίθεον,
411 2909 453 2985 ὡς
479 2911 650 2990 αύτομάτως
677 2911 709 2974 τὸ
736 2921 797 2972 πᾶν
823 2912 1000 2986 συνεστάναι
1026 2935 1055 2974 τε
1082 2911 1133 2973 καί

120 3005 281 3089 φέρεσθαι,
308 3007 432 3082 οὐδενος
458 3007 651 3087 ἐφεστηκότος
680 3032 736 3092 κνρ
738 3011 786 3070 ίον
738 3007 864 3070 ίκαί
887 3009 1038 3071 δεσπότου.
1084 3007 1132 3070 διὸ

191 3181 403 3250 λπαραληφθη
422 3178 624 3234 BRClemoe
643 3186 660 3233 4
680 3180 754 3252 αὐτῷ
774 3179 834 3234 όντι
851 3179 872 3232 L
896 3177 956 3233 ύντι
974 3195 1024 3234 om.
1039 3177 1065 3231 R
1083 3180 1132 3248 φατ’

119 3252 214 3320 ἀληθῆ
232 3251 319 3306 αὐτὸν
337 3251 522 3306 πολύτολ-
546 3251 631 3305 8ιιαλ
648 3267 698 3306 om.
715 3234 832 3304 BR-
857 3256 889 3303 12
909 3249 924 3303 δ
943 3265 993 3304 om.
1013 3249 1140 3304 BGHM

119 3329 145 3378 τί
162 3338 231 3376 rece
252 3322 433 3391 quidam—
459 3326 491 3377 13
515 3321 630 3390 αἰδῆται
648 3321 699 3377 GV
721 3324 767 3378 τιό
791 3321 911 3377 αἰδεῖται
933 3321 1015 3376 etiam
1031 3319 1076 3374 W
1097 3352 1131 3361 -

121 3400 164 3448 14
169 3393 240 3581 ἔχὸων
252 3393 366 3450 θεῶνΔ
379 3391 452 3464 ἔχειν
465 3396 543 3448 θεῶν
554 3392 580 3448 G
593 3393 703 3465 ἔχοντες
715 3392 878 3448 θεῶνΒ.-
894 3398 927 3447 15
940 3392 1010 3466 τῲλί
1023 3391 1056 3446 τὸ
1069 3391 1130 3446 rell.

269 3547 316 3597 ρα
293 3525 487 3582 P.010m-
508 3532 541 3582 13
560 3523 628 3595 ὅττίρ
646 3526 722 3582 ἐστιν
741 3525 816 3582 ίδιον
828 3525 851 3578 Ρ
861 3524 995 3580 Olemff-
1015 3530 1048 3580 23
1050 3522 1131 3639 ήσέ·

892 3635 898 3651 Ι
929 3631 955 3660 ι..
992 3641 997 3647 ¹
1055 3650 1057 3658 ,
1137 3653 1139 3660 Ι

895 3666 898 3674 ,
1040 3666 1043 3674 .

859 3695 862 3703 .
893 3701 898 3714 ‚
924 3668 997 3740 ’,ψ
