2617 3909
553 221 755 271 PRAEFATIO
1074 224 1163 273 LXXI

136 372 296 445 crepantes
319 372 351 427 in
374 371 498 429 tertium
522 370 662 429 volumen
685 372 854 448 segregavi,
876 373 959 430 intra
982 374 1162 447 apparatum

137 458 309 536 significavi
337 458 389 517 ubi
417 478 485 518 cnm
508 460 576 518 aliis
600 460 685 518 libris
714 460 768 517 1116
791 463 951 535 consentit,
979 462 1078 521 varias
1103 462 1162 520 lec·

137 550 236 607 tiones
261 567 336 623 quas
355 548 435 607 selus
455 550 588 607 continet
606 567 741 608 seorsum
759 549 887 608 exhibui.
929 551 1039 609 Textus
1061 552 1163 609 autern

137 636 210 696 libri
233 638 390 713 archetypi
408 639 566 697 retractati
584 640 729 714 utquam
747 639 860 713 optime
878 642 1162 714 repraesentaretur,

137 727 283 786 lectiones
306 727 339 784 in
357 728 421 787 solo
439 728 468 786 P
483 729 633 786 exstantes
657 746 718 786 non
735 729 842 803 recepi,
865 730 984 788 etiamsi
1006 747 1074 787 cum
1096 728 1161 788 fon-

137 815 220 875 tibus
233 819 455 894 'congrnerent
482 818 678 892 paucissimas
702 816 831 890 exhibui,
853 817 906 876 ubi
930 836 1022 877 nexus
1045 820 1161 878 sentcn-

136 906 253 963 tiarum
275 924 336 964 non
357 905 445 964 aliter
467 906 587 965 restitui
604 908 734 981 poterat,
758 906 852 964 veluti
869 926 898 981 p.
919 908 1050 981 413,15
1070 926 1161 965 enun-

138 996 252 1053 tiatum
275 1014 310 1053 ex
333 993 572 1055 homoeoteleuto
597 996 629 1053 in
652 995 777 1070 reliquis
799 993 885 1053 libris
907 998 1161 1071 praetermissum,

138 1104 167 1160 p.
188 1084 264 1157 304,
279 1084 320 1142 23
345 1104 439 1142 unum
461 1083 649 1158 vccabulum,
673 1084 753 1159 quod
771 1085 804 1141 in
821 1084 946 1159 reliquis
965 1084 1051 1145 libris
1070 1085 1161 1159 deest,

137 1192 174 1231 ex
198 1173 227 1229 P
248 1173 393 1249 supplevi.
440 1172 629 1249 Quamquam
656 1192 717 1232 non
742 1172 847 1231 dubito
874 1173 928 1232 has
951 1173 1074 1233 lacunas
1101 1193 1161 1233 non

137 1261 332 1321 librariorum
355 1262 562 1339 neglegentiae
586 1262 637 1323 sed
660 1264 755 1338 ipsius
774 1260 897 1339 Georgii
919 1262 1020 1321 deberi
1042 1264 1161 1322 temeri-

136 1353 198 1410 tati
222 1370 257 1409 ac
280 1351 475 1411 festinationi.

209 1438 352 1499 Codicum
378 1442 536 1499 retractati
563 1441 696 1499 chronici
723 1440 799 1499 duae
823 1442 905 1514 sunt,
933 1443 968 1500 ut
995 1459 1086 1516 supra
1113 1458 1161 1499 ex-

138 1529 274 1605 positum
302 1532 359 1602 est,
387 1530 534 1604 familiae,
566 1548 695 1604 quarum
722 1548 783 1587 una
809 1531 943 1589 continet
969 1529 1012 1603 A,
1044 1532 1162 1604 partem

138 1618 210 1677 libri
233 1618 264 1675 B
287 1618 459 1693 secundam,
483 1618 554 1677 libri
578 1617 606 1677 G
629 1618 764 1692 initium,
787 1619 883 1677 altera
905 1618 1036 1694 reliquos
1060 1618 1160 1679 libros.

138 1706 231 1766 ABG
259 1727 442 1783 quamquam
473 1708 619 1783 plurimas
650 1706 763 1767 habent
793 1708 887 1766 bonas
915 1708 1069 1782 lectioneS,
1101 1727 1162 1768 non

137 1798 241 1855 tamen
264 1815 380 1872 semper
404 1797 527 1858 alterius
546 1797 681 1855 familiae
704 1796 856 1855 codicibus
875 1797 1065 1872 praeferendi
1083 1800 1161 1857 sunt.

137 1886 175 1944 In
195 1904 254 1961 quo
274 1886 473 1945 animadverti
491 1886 582 1945 velim
596 1884 742 1944 librorum
755 1884 848 1945 Aac
861 1886 1003 1945 lectiones
1022 1888 1052 1945 61
1067 1886 1161 1945 bonas

138 1978 169 2034 et
192 1993 302 2050 pravas
331 1975 449 2050 saepius
475 1976 509 2034 in
538 1976 571 2050 V,
598 1975 750 2033 interdum
778 1976 870 2033 etiam
897 1974 932 2032 in·
951 1976 996 2051 D,
1023 1975 1161 2048 inveniri,

138 2065 249 2139 quibus
272 2065 345 2124 locis
369 2084 387 2123 a
410 2064 527 2123 familia
550 2082 604 2123 sua
627 2062 699 2121 libri
721 2063 768 2121 illi
796 2063 975 2139 discrepant.
1021 2062 1163 2139 Suspicor

138 2155 251 2227 autem,
274 2153 306 2210 id
330 2154 410 2229 quod
432 2154 492 2213 alio
511 2154 576 2213 loco
599 2152 737 2229 pluribus
758 2152 977 2227 demonstrabo,
1000 2154 1033 2210 in
1052 2152 1161 2211 codicis

137 2243 274 2301 familiae
300 2241 535 2302 CDEFGLVR
559 2242 736 2317 archetypo,
763 2240 853 2300 sicuti
874 2244 906 2299 in
930 2240 1092 2317 archetypo
1118 2241 1161 2299 fe-

138 2333 243 2391 miliae
261 2332 291 2389 R
308 2332 422 2391 factum
441 2350 503 2391 esse
527 2348 618 2406 supra
641 2330 842 2406 comprobavi,
865 2335 896 2390 et
918 2331 950 2388 in
972 2331 1107 2407 margine
1131 2332 1162 2389 61

136 2423 219 2481 inter
240 2439 343 2480 versus
366 2420 524 2480 librarium
552 2439 620 2479 cum
646 2422 733 2479 varia
759 2420 867 2479 menda
895 2421 1069 2494 correxisse,
1096 2421 1162 2479 tum

137 2512 250 2570 omissa
272 2510 364 2569 verba
387 2511 648 2569 enuntiatorumve
670 2510 836 2585 particulas
859 2510 1052 2585 supplevisse.
1098 2509 1161 2569 Has

136 2601 226 2659 notas
250 2597 367 2658 librarii
389 2600 502 2675 partim
526 2598 727 2673 attenderimt,
750 2600 863 2673 partim
885 2600 1087 2676 neglexerunt.

86 2722 87 2727 .
206 2688 363 2747 Alterutra
385 2688 502 2748 familia
530 2688 582 2747 uhi
605 2689 754 2747 consentit
781 2691 886 2747 contra
909 2688 1086 2747 alterutram
1114 2688 1162 2747 vel

137 2777 254 2838 codices
277 2777 378 2853 plures
401 2776 454 2836 ubi
476 2780 556 2837 inter
578 2797 608 2837 se
628 2777 818 2850 dissentiunt,
841 2777 916 2836 liber
934 2778 968 2852 P,
991 2780 1103 2854 quippe
1127 2796 1162 2835 ex

138 2886 199 2943 quo
224 2866 315 2926 codex
337 2868 522 2942 reliquorum
544 2866 724 2942 archetypus
748 2867 899 2926 confectus
923 2866 975 2941 sit,
1003 2868 1162 2927 discrimen

137 2957 223 3015 facit.
268 2956 297 3015 P
316 2958 410 3034 igitur
433 2958 464 3014 61
485 2956 671 3031 reliquorum
693 2974 770 3015 unus
793 2956 845 3014 ubi
868 2958 1058 3015 consentiunt
1081 2954 1161 3013 recte

137 3046 314 3122 plerumque
337 3045 457 3123 legitur,
481 3046 599 3105 etiamsi
621 3047 653 3102 in
673 3044 741 3103 aliis
760 3044 845 3103 libris
864 3046 1001 3105 meliores
1019 3045 1161 3103 lectiones

137 3137 256 3194 exstare
279 3133 450 3209 videantur3
475 3134 532 3194 hae
556 3136 647 3208 enim,
672 3136 819 3210 utsupra
842 3133 977 3210 exposui,
1000 3134 1073 3192 viris
1096 3150 1161 3190 eru-

138 3224 211 3283 ditis
231 3225 262 3283 et
278 3223 410 3282 librariis
434 3223 585 3283 debentur.
623 3224 660 3281 ln
677 3222 765 3281 rebus
784 3223 1023 3300 orthographicis
1041 3225 1072 3281 et
1093 3221 1161 3281 aliis

137 3312 290 3387 minutiis,
317 3315 350 3371 in
377 3314 484 3390 quibus
511 3312 582 3372 libri
603 3313 632 3372 P
653 3313 782 3388 scriptor
808 3312 999 3390 neglegenter
1026 3312 1161 3371 versatus

138 3405 197 3477 est,
226 3402 298 3461 libri
320 3402 349 3459 P
373 3421 441 3461 cum
468 3421 528 3461 une
557 3421 591 3461 ex
613 3402 740 3477 reliquis
763 3420 923 3461 cousensus
952 3403 1035 3459 casui
1061 3400 1162 3459 deberi

138 3492 311 3567 nulliusque
334 3491 479 3551 momenti
502 3509 564 3550 esse
587 3493 695 3567 potest.

206 3580 322 3640 Deinde
348 3582 532 3658 investigare
560 3582 680 3657 oportet
711 3577 819 3654 quihus
847 3596 919 3636 usus
947 3579 988 3635 sit
1015 3576 1161 3652 Georgius
