<?xml version="1.0" encoding="UTF-8"?>
<!DOCTYPE html PUBLIC "-//W3C//DTD XHTML 1.0 Transitional//EN"
    "http://www.w3.org/TR/xhtml1/DTD/xhtml1-transitional.dtd">
<html xmlns="http://www.w3.org/1999/xhtml" xml:lang="en" lang="en">
 <head>
  <title>
</title>
<meta http-equiv="Content-Type" content="text/html;charset=utf-8" />
  <meta name='ocr-system' content='tesseract 3.04.00' />
  <meta name='ocr-capabilities' content='ocr_page ocr_carea ocr_par ocr_line ocrx_word'/>
</head>
<body>
  <div class='ocr_page' id='page_1' title='image "./georgiimonachic01boorgoog_0214.png"; bbox 0 0 2617 3909; ppageno 0'>
   <div class='ocr_carea' id='block_1_1' title="bbox 180 247 877 312">
    <p class='ocr_par' dir='ltr' id='par_1_1' title="bbox 180 247 877 312">
     <span class='ocr_line' id='line_1_1' title="bbox 180 247 877 312; baseline -0.001 -9"><span class='ocrx_word' id='word_1_1' title='bbox 180 247 245 312; x_wconf 75' lang='grc'><strong><em>126</em></strong></span> <span class='ocrx_word' id='word_1_2' title='bbox 489 249 677 304; x_wconf 65' lang='lat' dir='ltr'><strong><em>mmor</em></strong></span> <span class='ocrx_word' id='word_1_3' title='bbox 694 250 877 302; x_wconf 78' lang='grc' dir='ltr'>ΜΟΝΔΧΟΤ</span> 
     </span>
    </p>
   </div>
   <div class='ocr_carea' id='block_1_2' title="bbox 177 394 1300 576">
    <p class='ocr_par' dir='ltr' id='par_1_2' title="bbox 177 394 1300 584">
     <span class='ocr_line' id='line_1_2' title="bbox 177 394 1300 484; baseline 0.001 -26"><span class='ocrx_word' id='word_1_4' title='bbox 177 395 229 458; x_wconf 84' lang='grc' dir='ltr'><strong><em>καλ</em></strong></span> <span class='ocrx_word' id='word_1_5' title='bbox 251 397 382 472; x_wconf 80' lang='grc' dir='ltr'><strong><em>πατάξας</em></strong></span> <span class='ocrx_word' id='word_1_6' title='bbox 403 394 459 476; x_wconf 85' lang='grc' dir='ltr'><strong><em>τήν</em></strong></span> <span class='ocrx_word' id='word_1_7' title='bbox 481 395 591 480; x_wconf 87' lang='grc' dir='ltr'><strong><em>πέτραν</em></strong></span> <span class='ocrx_word' id='word_1_8' title='bbox 613 405 649 482; x_wconf 78' lang='grc' dir='ltr'><strong><em>τῇ</em></strong></span> <span class='ocrx_word' id='word_1_9' title='bbox 673 397 775 484; x_wconf 73' lang='grc' dir='ltr'><strong><em>ῥάβδῳ</em></strong></span> <span class='ocrx_word' id='word_1_10' title='bbox 798 396 845 472; x_wconf 89' lang='grc' dir='ltr'><strong><em>δλς</em></strong></span> <span class='ocrx_word' id='word_1_11' title='bbox 862 397 988 478; x_wconf 76' lang='grc' dir='ltr'><strong><em>ἐξῆλθεν</em></strong></span> <span class='ocrx_word' id='word_1_12' title='bbox 1006 399 1086 480; x_wconf 85' lang='grc' dir='ltr'><strong><em>ύδωρ</em></strong></span> <span class='ocrx_word' id='word_1_13' title='bbox 1105 400 1197 480; x_wconf 92' lang='grc' dir='ltr'><strong><em>πολύ,</em></strong></span> <span class='ocrx_word' id='word_1_14' title='bbox 1299 417 1300 452; x_wconf 72' lang='lat'>1</span> 
     </span>
     <span class='ocr_line' id='line_1_3' title="bbox 177 491 1199 576; baseline 0 -19"><span class='ocrx_word' id='word_1_15' title='bbox 177 494 229 556; x_wconf 82' lang='grc' dir='ltr'><strong><em>καλ</em></strong></span> <span class='ocrx_word' id='word_1_16' title='bbox 251 495 332 557; x_wconf 82' lang='grc' dir='ltr'><strong><em>έπιεν</em></strong></span> <span class='ocrx_word' id='word_1_17' title='bbox 355 492 375 574; x_wconf 80' lang='grc' dir='ltr'><em>ἡ</em></span> <span class='ocrx_word' id='word_1_18' title='bbox 398 495 556 576; x_wconf 78' lang='grc' dir='ltr'><strong><em>συναγωγή</em></strong></span> <span class='ocrx_word' id='word_1_19' title='bbox 579 494 629 557; x_wconf 80' lang='grc' dir='ltr'><strong><em>καὶ</em></strong></span> <span class='ocrx_word' id='word_1_20' title='bbox 651 495 688 556; x_wconf 87' lang='grc' dir='ltr'><strong><em>τδι</em></strong></span> <span class='ocrx_word' id='word_1_21' title='bbox 710 496 805 575; x_wconf 95' lang='grc' dir='ltr'><strong><em>κτήνη</em></strong></span> <span class='ocrx_word' id='word_1_22' title='bbox 828 495 936 558; x_wconf 82' lang='grc' dir='ltr'><strong><em>αύτῶν.</em></strong></span> <span class='ocrx_word' id='word_1_23' title='bbox 981 495 1033 558; x_wconf 87' lang='grc' dir='ltr'><strong><em>καλ</em></strong></span> <span class='ocrx_word' id='word_1_24' title='bbox 1054 491 1118 558; x_wconf 81' lang='grc' dir='ltr'><strong><em>εἶπε</em></strong></span> <span class='ocrx_word' id='word_1_25' title='bbox 1141 498 1199 558; x_wconf 89' lang='grc' dir='ltr'><strong><em>κύ-</em></strong></span> 
     </span>
    </p>
   </div>
   <div class='ocr_carea' id='block_1_3' title="bbox 150 586 1215 1066">
    <p class='ocr_par' dir='ltr' id='par_1_3' title="bbox 150 586 1215 1066">
     <span class='ocr_line' id='line_1_4' title="bbox 178 586 1198 675; baseline 0.001 -20"><span class='ocrx_word' id='word_1_26' title='bbox 178 615 242 675; x_wconf 88' lang='grc' dir='ltr'><strong><em>ριος</em></strong></span> <span class='ocrx_word' id='word_1_27' title='bbox 269 592 344 674; x_wconf 85' lang='grc' dir='ltr'><strong><em>πρὸς</em></strong></span> <span class='ocrx_word' id='word_1_28' title='bbox 366 597 508 673; x_wconf 82' lang='grc' dir='ltr'><strong><em>Μωῦσήν</em></strong></span> <span class='ocrx_word' id='word_1_29' title='bbox 535 592 586 654; x_wconf 82' lang='grc' dir='ltr'><strong><em>καλ</em></strong></span> <span class='ocrx_word' id='word_1_30' title='bbox 605 589 732 674; x_wconf 75' lang='grc' dir='ltr'><strong><em>Ἀαρών·</em></strong></span> <span class='ocrx_word' id='word_1_31' title='bbox 756 587 829 655; x_wconf 88' lang='grc' dir='ltr'><strong><em>ἀνθ’</em></strong></span> <span class='ocrx_word' id='word_1_32' title='bbox 856 586 899 655; x_wconf 74' lang='grc' dir='ltr'><strong><em>ὧν</em></strong></span> <span class='ocrx_word' id='word_1_33' title='bbox 926 594 982 656; x_wconf 86' lang='grc' dir='ltr'><strong><em>ούκ</em></strong></span> <span class='ocrx_word' id='word_1_34' title='bbox 1008 594 1198 657; x_wconf 78' lang='grc' dir='ltr'><strong><em>ἐπιστεύσατε</em></strong></span> 
     </span>
     <span class='ocr_line' id='line_1_5' title="bbox 178 689 1197 772; baseline 0.003 -21"><span class='ocrx_word' id='word_1_35' title='bbox 178 689 297 772; x_wconf 75' lang='grc' dir='ltr'><em>ἁγιάσαι</em></span> <span class='ocrx_word' id='word_1_36' title='bbox 320 713 354 770; x_wconf 79' lang='grc' dir='ltr'><strong><em>με</em></strong></span> <span class='ocrx_word' id='word_1_37' title='bbox 377 690 512 753; x_wconf 68' lang='grc' dir='ltr'><strong><em>ἐναντίον</em></strong></span> <span class='ocrx_word' id='word_1_38' title='bbox 534 700 588 752; x_wconf 86' lang='grc' dir='ltr'><strong><em>τού</em></strong></span> <span class='ocrx_word' id='word_1_39' title='bbox 610 696 695 772; x_wconf 77' lang='grc' dir='ltr'><strong><em>λαοῦ,</em></strong></span> <span class='ocrx_word' id='word_1_40' title='bbox 719 690 768 753; x_wconf 80' lang='grc' dir='ltr'><strong><em>διὰ</em></strong></span> <span class='ocrx_word' id='word_1_41' title='bbox 786 699 872 753; x_wconf 82' lang='grc' dir='ltr'><strong><em>τοῦτο</em></strong></span> <span class='ocrx_word' id='word_1_42' title='bbox 891 691 947 754; x_wconf 85' lang='grc' dir='ltr'><strong><em>ούκ</em></strong></span> <span class='ocrx_word' id='word_1_43' title='bbox 965 692 1089 766; x_wconf 78' lang='grc' dir='ltr'><strong><em>εἰσάξετε</em></strong></span> <span class='ocrx_word' id='word_1_44' title='bbox 1107 691 1197 771; x_wconf 82' lang='grc' dir='ltr'><strong><em>ὑμεῖς</em></strong></span> 
     </span>
     <span class='ocr_line' id='line_1_6' title="bbox 150 786 1198 871; baseline 0.002 -21"><span class='ocrx_word' id='word_1_45' title='bbox 150 788 232 866; x_wconf 79' lang='grc' dir='ltr'><strong><em>στήν</em></strong></span> <span class='ocrx_word' id='word_1_46' title='bbox 254 789 433 870; x_wconf 73' lang='grc' dir='ltr'><strong><em>συναγωγήν</em></strong></span> <span class='ocrx_word' id='word_1_47' title='bbox 454 790 566 869; x_wconf 86' lang='grc' dir='ltr'><strong><em>ταύτην</em></strong></span> <span class='ocrx_word' id='word_1_48' title='bbox 589 789 630 862; x_wconf 83' lang='grc' dir='ltr'><strong><em>εἰς</em></strong></span> <span class='ocrx_word' id='word_1_49' title='bbox 653 789 709 869; x_wconf 84' lang='grc' dir='ltr'><strong><em>τήν</em></strong></span> <span class='ocrx_word' id='word_1_50' title='bbox 731 798 790 871; x_wconf 81' lang='grc' dir='ltr'><strong><em>γῆν</em></strong></span> <span class='ocrx_word' id='word_1_51' title='bbox 813 786 852 868; x_wconf 81' lang='grc' dir='ltr'><strong><em>ήν</em></strong></span> <span class='ocrx_word' id='word_1_52' title='bbox 870 790 966 853; x_wconf 84' lang='grc' dir='ltr'><strong><em>έδωκα</em></strong></span> <span class='ocrx_word' id='word_1_53' title='bbox 989 789 1099 864; x_wconf 75' lang='grc' dir='ltr'><strong><em>αὐτοῖς.</em></strong></span> <span class='ocrx_word' id='word_1_54' title='bbox 1146 791 1198 852; x_wconf 88' lang='grc' dir='ltr'><strong><em>διὸ</em></strong></span> 
     </span>
     <span class='ocr_line' id='line_1_7' title="bbox 177 880 1215 977; baseline 0.002 -29"><span class='ocrx_word' id='word_1_55' title='bbox 177 885 369 968; x_wconf 75' lang='grc' dir='ltr'><strong><em>προστεθήτω</em></strong></span> <span class='ocrx_word' id='word_1_56' title='bbox 388 880 503 968; x_wconf 87' lang='grc' dir='ltr'><strong><em>Ἀαρδον</em></strong></span> <span class='ocrx_word' id='word_1_57' title='bbox 529 886 604 969; x_wconf 81' lang='grc' dir='ltr'><strong><em>πρὸς</em></strong></span> <span class='ocrx_word' id='word_1_58' title='bbox 631 886 684 948; x_wconf 87' lang='grc' dir='ltr'><strong><em>τὸν</em></strong></span> <span class='ocrx_word' id='word_1_59' title='bbox 711 886 784 949; x_wconf 83' lang='grc' dir='ltr'><strong><em>λαὸν</em></strong></span> <span class='ocrx_word' id='word_1_60' title='bbox 811 887 903 950; x_wconf 84' lang='grc' dir='ltr'><strong><em>αύτού</em></strong></span> <span class='ocrx_word' id='word_1_61' title='bbox 930 887 981 949; x_wconf 82' lang='grc' dir='ltr'><strong><em>καλ</em></strong></span> <span class='ocrx_word' id='word_1_62' title='bbox 1003 886 1215 977; x_wconf 80' lang='grc' dir='ltr'><strong><em>ἀποθανέτω,</em></strong></span> 
     </span>
     <span class='ocr_line' id='line_1_8' title="bbox 178 982 1197 1066; baseline 0.004 -22"><span class='ocrx_word' id='word_1_63' title='bbox 178 983 222 1044; x_wconf 81' lang='grc' dir='ltr'><strong><em>ότι</em></strong></span> <span class='ocrx_word' id='word_1_64' title='bbox 244 982 282 1045; x_wconf 87' lang='grc' dir='ltr'><strong><em>ού</em></strong></span> <span class='ocrx_word' id='word_1_65' title='bbox 305 983 346 1064; x_wconf 81' lang='grc' dir='ltr'><strong><em>μή</em></strong></span> <span class='ocrx_word' id='word_1_66' title='bbox 369 983 519 1066; x_wconf 73' lang='grc' dir='ltr'><strong><em>εἰσέλθητε</em></strong></span> <span class='ocrx_word' id='word_1_67' title='bbox 541 986 584 1058; x_wconf 78' lang='grc' dir='ltr'><strong><em>εἰς</em></strong></span> <span class='ocrx_word' id='word_1_68' title='bbox 606 985 663 1065; x_wconf 84' lang='grc' dir='ltr'><strong><em>τήν</em></strong></span> <span class='ocrx_word' id='word_1_69' title='bbox 680 994 738 1066; x_wconf 86' lang='grc' dir='ltr'><strong><em>γήν</em></strong></span> <span class='ocrx_word' id='word_1_70' title='bbox 758 984 886 1065; x_wconf 79' lang='grc' dir='ltr'><strong><em>ἐκείνην,</em></strong></span> <span class='ocrx_word' id='word_1_71' title='bbox 909 984 985 1046; x_wconf 80' lang='grc' dir='ltr'><strong><em>διότι</em></strong></span> <span class='ocrx_word' id='word_1_72' title='bbox 1002 985 1197 1066; x_wconf 84' lang='grc' dir='ltr'><strong><em>παρωξύνατέ</em></strong></span> 
     </span>
    </p>
   </div>
   <div class='ocr_carea' id='block_1_4' title="bbox 177 1080 1301 1168">
    <p class='ocr_par' dir='ltr' id='par_1_4' title="bbox 177 1080 1301 1168">
     <span class='ocr_line' id='line_1_9' title="bbox 177 1080 1301 1168; baseline 0.003 -26"><span class='ocrx_word' id='word_1_73' title='bbox 177 1103 212 1161; x_wconf 83' lang='grc' dir='ltr'><strong><em>με</em></strong></span> <span class='ocrx_word' id='word_1_74' title='bbox 231 1080 279 1143; x_wconf 81' lang='grc' dir='ltr'><strong><em>έπλ</em></strong></span> <span class='ocrx_word' id='word_1_75' title='bbox 292 1092 346 1144; x_wconf 83' lang='grc' dir='ltr'><strong><em>τού</em></strong></span> <span class='ocrx_word' id='word_1_76' title='bbox 362 1083 472 1158; x_wconf 85' lang='grc' dir='ltr'><strong><em>ύδατος</em></strong></span> <span class='ocrx_word' id='word_1_77' title='bbox 485 1092 538 1163; x_wconf 86' lang='grc' dir='ltr'><strong><em>τής</em></strong></span> <span class='ocrx_word' id='word_1_78' title='bbox 551 1082 719 1166; x_wconf 85' lang='grc' dir='ltr'><strong><em>ἀντιλογίας</em></strong></span> <span class='ocrx_word' id='word_1_79' title='bbox 731 1081 781 1144; x_wconf 78' lang='grc' dir='ltr'><strong><em>καὶ</em></strong></span> <span class='ocrx_word' id='word_1_80' title='bbox 794 1083 943 1164; x_wconf 81' lang='grc' dir='ltr'><strong><em>λοιδορίας</em></strong></span> <span class='ocrx_word' id='word_1_81' title='bbox 955 1091 1009 1144; x_wconf 84' lang='grc' dir='ltr'><strong><em>τού</em></strong></span> <span class='ocrx_word' id='word_1_82' title='bbox 1027 1087 1110 1144; x_wconf 84' lang='grc' dir='ltr'><strong><em>λαοῦ.</em></strong></span> <span class='ocrx_word' id='word_1_83' title='bbox 1143 1084 1197 1145; x_wconf 75' lang='grc' dir='ltr'><strong><em>καὶ</em></strong></span> <span class='ocrx_word' id='word_1_84' title='bbox 1300 1131 1301 1168; x_wconf 68' lang='lat'><em>3</em></span> 
     </span>
    </p>
   </div>
   <div class='ocr_carea' id='block_1_5' title="bbox 137 1176 1196 2045">
    <p class='ocr_par' dir='ltr' id='par_1_5' title="bbox 137 1176 1196 2045">
     <span class='ocr_line' id='line_1_10' title="bbox 177 1176 1191 1264; baseline 0.004 -24"><span class='ocrx_word' id='word_1_85' title='bbox 177 1177 334 1260; x_wconf 75' lang='grc' dir='ltr'><strong><em>ἀνεβίβασε</em></strong></span> <span class='ocrx_word' id='word_1_86' title='bbox 352 1185 491 1262; x_wconf 83' lang='grc' dir='ltr'><strong><em>Μωύσῆς</em></strong></span> <span class='ocrx_word' id='word_1_87' title='bbox 514 1182 567 1244; x_wconf 87' lang='grc' dir='ltr'><strong><em>τὸν</em></strong></span> <span class='ocrx_word' id='word_1_88' title='bbox 586 1176 701 1264; x_wconf 80' lang='grc' dir='ltr'><strong><em>Ἀυρὼν</em></strong></span> <span class='ocrx_word' id='word_1_89' title='bbox 724 1181 766 1254; x_wconf 79' lang='grc' dir='ltr'><strong><em>εἰς</em></strong></span> <span class='ocrx_word' id='word_1_90' title='bbox 789 1179 821 1241; x_wconf 91' lang='grc' dir='ltr'><strong><em>τὸ</em></strong></span> <span class='ocrx_word' id='word_1_91' title='bbox 844 1178 924 1262; x_wconf 82' lang='grc' dir='ltr'><strong><em>ὅρος,</em></strong></span> <span class='ocrx_word' id='word_1_92' title='bbox 946 1179 1030 1242; x_wconf 83' lang='grc' dir='ltr'><strong><em>καθά</em></strong></span> <span class='ocrx_word' id='word_1_93' title='bbox 1051 1179 1191 1256; x_wconf 77' lang='grc' dir='ltr'><strong><em>συνέταξε</em></strong></span> 
     </span>
     <span class='ocr_line' id='line_1_11' title="bbox 137 1276 1196 1361; baseline 0.001 -22"><span class='ocrx_word' id='word_1_94' title='bbox 137 1278 280 1360; x_wconf 81' lang='grc' dir='ltr'><strong><em>ιονόριος</em></strong></span> <span class='ocrx_word' id='word_1_95' title='bbox 302 1277 438 1341; x_wconf 73' lang='grc' dir='ltr'><strong><em>ἐναντίον</em></strong></span> <span class='ocrx_word' id='word_1_96' title='bbox 464 1279 562 1358; x_wconf 80' lang='grc' dir='ltr'><strong><em>πάσης</em></strong></span> <span class='ocrx_word' id='word_1_97' title='bbox 590 1288 780 1361; x_wconf 76' lang='grc' dir='ltr'><strong><em>συναγωγῆς,</em></strong></span> <span class='ocrx_word' id='word_1_98' title='bbox 807 1277 858 1340; x_wconf 77' lang='grc' dir='ltr'><strong><em>καὶ</em></strong></span> <span class='ocrx_word' id='word_1_99' title='bbox 883 1276 1019 1351; x_wconf 84' lang='grc' dir='ltr'><strong><em>έξέδυσεν</em></strong></span> <span class='ocrx_word' id='word_1_100' title='bbox 1042 1277 1133 1341; x_wconf 86' lang='grc' dir='ltr'><strong><em>αύτδν</em></strong></span> <span class='ocrx_word' id='word_1_101' title='bbox 1157 1279 1196 1340; x_wconf 82' lang='grc' dir='ltr'><strong><em>τά</em></strong></span> 
     </span>
     <span class='ocr_line' id='line_1_12' title="bbox 178 1370 1193 1458; baseline 0.001 -21"><span class='ocrx_word' id='word_1_102' title='bbox 178 1375 307 1458; x_wconf 80' lang='grc' dir='ltr'><strong><em>ἱερατικά</em></strong></span> <span class='ocrx_word' id='word_1_103' title='bbox 325 1376 426 1456; x_wconf 81' lang='grc' dir='ltr'><strong><em>ἱμάτια</em></strong></span> <span class='ocrx_word' id='word_1_104' title='bbox 447 1376 498 1438; x_wconf 82' lang='grc' dir='ltr'><strong><em>καλ</em></strong></span> <span class='ocrx_word' id='word_1_105' title='bbox 520 1375 658 1439; x_wconf 76' lang='grc' dir='ltr'><strong><em>ἐνέδυσεν</em></strong></span> <span class='ocrx_word' id='word_1_106' title='bbox 680 1376 757 1438; x_wconf 86' lang='grc' dir='ltr'><strong><em>αύτδι</em></strong></span> <span class='ocrx_word' id='word_1_107' title='bbox 770 1370 907 1457; x_wconf 75' lang='grc' dir='ltr'><strong><em>Ἐλεάζαρ</em></strong></span> <span class='ocrx_word' id='word_1_108' title='bbox 925 1376 978 1438; x_wconf 85' lang='grc' dir='ltr'><strong><em>τὸν</em></strong></span> <span class='ocrx_word' id='word_1_109' title='bbox 995 1375 1064 1439; x_wconf 82' lang='grc' dir='ltr'><strong><em>υἱὸν</em></strong></span> <span class='ocrx_word' id='word_1_110' title='bbox 1086 1376 1193 1457; x_wconf 86' lang='grc' dir='ltr'><strong><em>αύτοῦ,</em></strong></span> 
     </span>
     <span class='ocr_line' id='line_1_13' title="bbox 176 1468 1194 1558; baseline -0.001 -23"><span class='ocrx_word' id='word_1_111' title='bbox 176 1473 228 1535; x_wconf 75' lang='grc' dir='ltr'><strong><em>καὶ</em></strong></span> <span class='ocrx_word' id='word_1_112' title='bbox 250 1472 402 1536; x_wconf 81' lang='grc' dir='ltr'><strong><em>ἀπέθανεν</em></strong></span> <span class='ocrx_word' id='word_1_113' title='bbox 421 1468 536 1555; x_wconf 85' lang='grc' dir='ltr'><strong><em>Ἀαρδον</em></strong></span> <span class='ocrx_word' id='word_1_114' title='bbox 557 1474 606 1536; x_wconf 81' lang='grc' dir='ltr'><strong><em>έπλ</em></strong></span> <span class='ocrx_word' id='word_1_115' title='bbox 628 1485 682 1554; x_wconf 77' lang='grc' dir='ltr'><strong><em>τῆς</em></strong></span> <span class='ocrx_word' id='word_1_116' title='bbox 703 1483 841 1557; x_wconf 77' lang='grc' dir='ltr'><strong><em>κορυφῆς</em></strong></span> <span class='ocrx_word' id='word_1_117' title='bbox 863 1482 916 1535; x_wconf 85' lang='grc' dir='ltr'><strong><em>τού</em></strong></span> <span class='ocrx_word' id='word_1_118' title='bbox 940 1471 1029 1555; x_wconf 87' lang='grc' dir='ltr'><strong><em>όρους</em></strong></span> <span class='ocrx_word' id='word_1_119' title='bbox 1046 1473 1079 1535; x_wconf 81' lang='grc' dir='ltr'><strong><em>έν</em></strong></span> <span class='ocrx_word' id='word_1_120' title='bbox 1097 1481 1137 1558; x_wconf 77' lang='grc' dir='ltr'><strong><em>τῷ</em></strong></span> <span class='ocrx_word' id='word_1_121' title='bbox 1157 1473 1194 1554; x_wconf 79' lang='grc' dir='ltr'><strong><em>μ’</em></strong></span> 
     </span>
     <span class='ocr_line' id='line_1_14' title="bbox 176 1567 1196 1654; baseline 0.004 -24"><span class='ocrx_word' id='word_1_122' title='bbox 176 1569 233 1631; x_wconf 78' lang='grc' dir='ltr'><strong><em>ἔτει</em></strong></span> <span class='ocrx_word' id='word_1_123' title='bbox 249 1579 303 1649; x_wconf 81' lang='grc' dir='ltr'><strong><em>τῆς</em></strong></span> <span class='ocrx_word' id='word_1_124' title='bbox 325 1568 430 1643; x_wconf 78' lang='grc' dir='ltr'><strong><em>ἐξόδου</em></strong></span> <span class='ocrx_word' id='word_1_125' title='bbox 452 1581 512 1632; x_wconf 81' lang='grc' dir='ltr'><strong><em>τῶν</em></strong></span> <span class='ocrx_word' id='word_1_126' title='bbox 534 1573 610 1633; x_wconf 78' lang='grc' dir='ltr'><strong><em>υἱῶν</em></strong></span> <span class='ocrx_word' id='word_1_127' title='bbox 629 1567 747 1654; x_wconf 87' lang='grc' dir='ltr'><strong><em>Ἰσραήλ</em></strong></span> <span class='ocrx_word' id='word_1_128' title='bbox 769 1571 859 1651; x_wconf 80' lang='grc' dir='ltr'><strong><em>ζήσας</em></strong></span> <span class='ocrx_word' id='word_1_129' title='bbox 881 1572 932 1651; x_wconf 79' lang='grc' dir='ltr'><strong><em>ἔτη</em></strong></span> <span class='ocrx_word' id='word_1_130' title='bbox 951 1567 1026 1654; x_wconf 85' lang='grc' dir='ltr'><strong><em>ρκγ’.</em></strong></span> <span class='ocrx_word' id='word_1_131' title='bbox 1064 1571 1115 1633; x_wconf 87' lang='grc' dir='ltr'><strong><em>καλ</em></strong></span> <span class='ocrx_word' id='word_1_132' title='bbox 1132 1567 1196 1634; x_wconf 78' lang='grc' dir='ltr'><strong><em>εἶδε</em></strong></span> 
     </span>
     <span class='ocr_line' id='line_1_15' title="bbox 175 1664 1196 1752; baseline 0.004 -24"><span class='ocrx_word' id='word_1_133' title='bbox 175 1677 256 1728; x_wconf 85' lang='grc' dir='ltr'><strong><em>πᾶσα</em></strong></span> <span class='ocrx_word' id='word_1_134' title='bbox 278 1664 298 1745; x_wconf 81' lang='grc' dir='ltr'><strong><em>ή</em></strong></span> <span class='ocrx_word' id='word_1_135' title='bbox 321 1669 479 1749; x_wconf 82' lang='grc' dir='ltr'><strong><em>συναγωγή</em></strong></span> <span class='ocrx_word' id='word_1_136' title='bbox 503 1669 548 1730; x_wconf 82' lang='grc' dir='ltr'><strong><em>ὅτι</em></strong></span> <span class='ocrx_word' id='word_1_137' title='bbox 565 1667 703 1749; x_wconf 81' lang='grc' dir='ltr'><strong><em>ἀπελύθη</em></strong></span> <span class='ocrx_word' id='word_1_138' title='bbox 718 1664 843 1752; x_wconf 80' lang='grc' dir='ltr'><strong><em>Ἀαρών,</em></strong></span> <span class='ocrx_word' id='word_1_139' title='bbox 866 1669 916 1731; x_wconf 84' lang='grc' dir='ltr'><strong><em>καλ</em></strong></span> <span class='ocrx_word' id='word_1_140' title='bbox 933 1668 1082 1731; x_wconf 81' lang='grc' dir='ltr'><strong><em>ἔκλαυσαν</em></strong></span> <span class='ocrx_word' id='word_1_141' title='bbox 1101 1670 1196 1732; x_wconf 87' lang='grc' dir='ltr'><strong><em>αύτὸν</em></strong></span> 
     </span>
     <span class='ocr_line' id='line_1_16' title="bbox 137 1761 347 1846; baseline 0 -18"><span class='ocrx_word' id='word_1_142' title='bbox 137 1786 163 1828; x_wconf 79' lang='grc' dir='ltr'><strong><em>ιο</em></strong></span> <span class='ocrx_word' id='word_1_143' title='bbox 176 1762 287 1846; x_wconf 77' lang='grc' dir='ltr'><strong><em>ἡμέρας</em></strong></span> <span class='ocrx_word' id='word_1_144' title='bbox 310 1761 347 1828; x_wconf 87' lang='grc' dir='ltr'><strong><em>λ’.</em></strong></span> 
     </span>
     <span class='ocr_line' id='line_1_17' title="bbox 242 1859 1193 1947; baseline 0.006 -25"><span class='ocrx_word' id='word_1_145' title='bbox 242 1861 305 1923; x_wconf 79' lang='grc' dir='ltr'><strong><em>Καὶ</em></strong></span> <span class='ocrx_word' id='word_1_146' title='bbox 336 1862 408 1942; x_wconf 82' lang='grc' dir='ltr'><strong><em>μετά</em></strong></span> <span class='ocrx_word' id='word_1_147' title='bbox 433 1873 524 1925; x_wconf 81' lang='grc' dir='ltr'><strong><em>ταῦτα</em></strong></span> <span class='ocrx_word' id='word_1_148' title='bbox 550 1859 613 1926; x_wconf 79' lang='grc' dir='ltr'><strong><em>εἶπε</em></strong></span> <span class='ocrx_word' id='word_1_149' title='bbox 640 1866 743 1947; x_wconf 88' lang='grc' dir='ltr'><strong><em>κύριος</em></strong></span> <span class='ocrx_word' id='word_1_150' title='bbox 769 1864 844 1946; x_wconf 85' lang='grc' dir='ltr'><strong><em>πρὸς</em></strong></span> <span class='ocrx_word' id='word_1_151' title='bbox 872 1869 1027 1945; x_wconf 82' lang='grc' dir='ltr'><strong><em>Μωϋσήν·</em></strong></span> <span class='ocrx_word' id='word_1_152' title='bbox 1055 1863 1193 1947; x_wconf 86' lang='grc' dir='ltr'><strong><em>ἀνάβηθι</em></strong></span> 
     </span>
     <span class='ocr_line' id='line_1_18' title="bbox 176 1958 1194 2045; baseline 0.004 -24"><span class='ocrx_word' id='word_1_153' title='bbox 176 1960 218 2033; x_wconf 80' lang='grc' dir='ltr'><strong><em>εἰς</em></strong></span> <span class='ocrx_word' id='word_1_154' title='bbox 245 1960 278 2022; x_wconf 87' lang='grc' dir='ltr'><strong><em>τδ</em></strong></span> <span class='ocrx_word' id='word_1_155' title='bbox 307 1958 376 2040; x_wconf 87' lang='grc' dir='ltr'><strong><em>όρος</em></strong></span> <span class='ocrx_word' id='word_1_156' title='bbox 402 1961 435 2023; x_wconf 87' lang='grc' dir='ltr'><strong><em>τὸ</em></strong></span> <span class='ocrx_word' id='word_1_157' title='bbox 463 1964 575 2042; x_wconf 81' lang='grc' dir='ltr'><strong><em>Ναβαύ</em></strong></span> <span class='ocrx_word' id='word_1_158' title='bbox 602 1962 653 2024; x_wconf 84' lang='grc' dir='ltr'><strong><em>καλ</em></strong></span> <span class='ocrx_word' id='word_1_159' title='bbox 681 1965 724 2025; x_wconf 81' lang='grc' dir='ltr'><strong><em>ἴδε</em></strong></span> <span class='ocrx_word' id='word_1_160' title='bbox 750 1963 806 2043; x_wconf 86' lang='grc' dir='ltr'><strong><em>τήν</em></strong></span> <span class='ocrx_word' id='word_1_161' title='bbox 833 1972 905 2045; x_wconf 81' lang='grc' dir='ltr'><strong><em>γῆν,</em></strong></span> <span class='ocrx_word' id='word_1_162' title='bbox 933 1960 973 2042; x_wconf 78' lang='grc' dir='ltr'><strong><em>ήν</em></strong></span> <span class='ocrx_word' id='word_1_163' title='bbox 1000 1964 1108 2042; x_wconf 82' lang='grc' dir='ltr'><strong><em>δίδωμι</em></strong></span> <span class='ocrx_word' id='word_1_164' title='bbox 1130 1970 1194 2038; x_wconf 83' lang='grc' dir='ltr'><strong><em>τοῖς</em></strong></span> 
     </span>
    </p>
   </div>
   <div class='ocr_carea' id='block_1_6' title="bbox 175 2052 1302 2144">
    <p class='ocr_par' dir='ltr' id='par_1_6' title="bbox 175 2052 1302 2144">
     <span class='ocr_line' id='line_1_19' title="bbox 175 2052 1302 2144; baseline 0.004 -24"><span class='ocrx_word' id='word_1_165' title='bbox 175 2059 253 2132; x_wconf 79' lang='grc' dir='ltr'><strong><em>υἱοῖς</em></strong></span> <span class='ocrx_word' id='word_1_166' title='bbox 272 2052 396 2140; x_wconf 86' lang='grc' dir='ltr'><strong><em>Ἰσραήλ,</em></strong></span> <span class='ocrx_word' id='word_1_167' title='bbox 418 2058 469 2122; x_wconf 88' lang='grc' dir='ltr'><strong><em>κοιλ</em></strong></span> <span class='ocrx_word' id='word_1_168' title='bbox 491 2061 608 2122; x_wconf 86' lang='grc' dir='ltr'><strong><em>τελεύτα</em></strong></span> <span class='ocrx_word' id='word_1_169' title='bbox 629 2061 694 2123; x_wconf 77' lang='grc' dir='ltr'><strong><em>ἐκεῖ</em></strong></span> <span class='ocrx_word' id='word_1_170' title='bbox 710 2057 747 2123; x_wconf 81' lang='grc' dir='ltr'><strong><em>δν</em></strong></span> <span class='ocrx_word' id='word_1_171' title='bbox 768 2060 879 2143; x_wconf 78' lang='grc' dir='ltr'><strong><em>τρόπον</em></strong></span> <span class='ocrx_word' id='word_1_172' title='bbox 900 2059 1056 2123; x_wconf 76' lang='grc' dir='ltr'><strong><em>ἀπέθανεν</em></strong></span> <span class='ocrx_word' id='word_1_173' title='bbox 1076 2054 1193 2144; x_wconf 84' lang='grc' dir='ltr'><strong><em>Ἀαρδον</em></strong></span> <span class='ocrx_word' id='word_1_174' title='bbox 1301 2057 1302 2062; x_wconf 28' lang='lat'>¹</span> 
     </span>
    </p>
   </div>
   <div class='ocr_carea' id='block_1_7' title="bbox 90 2155 1193 2730">
    <p class='ocr_par' dir='ltr' id='par_1_7' title="bbox 90 2155 1193 2534">
     <span class='ocr_line' id='line_1_20' title="bbox 90 2155 1193 2243; baseline 0.001 -22"><span class='ocrx_word' id='word_1_175' title='bbox 90 2180 118 2221; x_wconf 85' lang='grc' dir='ltr'><strong><em>οο</em></strong></span> <span class='ocrx_word' id='word_1_176' title='bbox 130 2155 193 2219; x_wconf 67' lang='grc' dir='ltr'><strong><em>τιό</em></strong></span> <span class='ocrx_word' id='word_1_177' title='bbox 215 2156 344 2234; x_wconf 84' lang='grc' dir='ltr'><strong><em>ἀδελφός</em></strong></span> <span class='ocrx_word' id='word_1_178' title='bbox 366 2175 422 2219; x_wconf 91' lang='grc' dir='ltr'><strong><em>σου</em></strong></span> <span class='ocrx_word' id='word_1_179' title='bbox 444 2156 477 2218; x_wconf 87' lang='grc' dir='ltr'><strong><em>έν</em></strong></span> <span class='ocrx_word' id='word_1_180' title='bbox 499 2165 539 2242; x_wconf 77' lang='grc' dir='ltr'><strong><em>τῷ</em></strong></span> <span class='ocrx_word' id='word_1_181' title='bbox 558 2157 629 2241; x_wconf 85' lang='grc' dir='ltr'><strong><em>όρει,</em></strong></span> <span class='ocrx_word' id='word_1_182' title='bbox 651 2160 728 2222; x_wconf 88' lang='grc' dir='ltr'><strong><em>διότι</em></strong></span> <span class='ocrx_word' id='word_1_183' title='bbox 744 2157 927 2240; x_wconf 76' lang='grc' dir='ltr'><strong><em>ἠπειθήσατε</em></strong></span> <span class='ocrx_word' id='word_1_184' title='bbox 945 2165 984 2243; x_wconf 77' lang='grc' dir='ltr'><strong><em>τῷ</em></strong></span> <span class='ocrx_word' id='word_1_185' title='bbox 1003 2158 1116 2240; x_wconf 75' lang='grc' dir='ltr'><strong><em>ῥήματί</em></strong></span> <span class='ocrx_word' id='word_1_186' title='bbox 1132 2183 1193 2239; x_wconf 86' lang='grc' dir='ltr'><strong><em>μου</em></strong></span> 
     </span>
     <span class='ocr_line' id='line_1_21' title="bbox 135 2254 1192 2339; baseline 0.002 -22"><span class='ocrx_word' id='word_1_187' title='bbox 135 2278 163 2318; x_wconf 79' lang='grc' dir='ltr'><strong><em>ιο</em></strong></span> <span class='ocrx_word' id='word_1_188' title='bbox 175 2254 224 2316; x_wconf 76' lang='grc' dir='ltr'><strong><em>ἐπὶ</em></strong></span> <span class='ocrx_word' id='word_1_189' title='bbox 246 2265 299 2317; x_wconf 81' lang='grc' dir='ltr'><strong><em>τοῦ</em></strong></span> <span class='ocrx_word' id='word_1_190' title='bbox 321 2255 431 2330; x_wconf 84' lang='grc' dir='ltr'><strong><em>θδατος</em></strong></span> <span class='ocrx_word' id='word_1_191' title='bbox 452 2264 505 2335; x_wconf 82' lang='grc' dir='ltr'><strong><em>τῆς</em></strong></span> <span class='ocrx_word' id='word_1_192' title='bbox 526 2255 694 2339; x_wconf 84' lang='grc' dir='ltr'><strong><em>ἀντιλογίας</em></strong></span> <span class='ocrx_word' id='word_1_193' title='bbox 714 2257 821 2337; x_wconf 87' lang='grc' dir='ltr'><strong><em>Κάδης</em></strong></span> <span class='ocrx_word' id='word_1_194' title='bbox 841 2256 892 2318; x_wconf 82' lang='grc' dir='ltr'><strong><em>καλ</em></strong></span> <span class='ocrx_word' id='word_1_195' title='bbox 915 2256 969 2338; x_wconf 87' lang='grc' dir='ltr'><strong><em>ούχ</em></strong></span> <span class='ocrx_word' id='word_1_196' title='bbox 991 2254 1134 2338; x_wconf 82' lang='grc' dir='ltr'><strong><em>ήγιάσατέ</em></strong></span> <span class='ocrx_word' id='word_1_197' title='bbox 1156 2281 1192 2338; x_wconf 86' lang='grc' dir='ltr'><strong><em>με</em></strong></span> 
     </span>
     <span class='ocr_line' id='line_1_22' title="bbox 175 2351 1193 2437; baseline 0.003 -22"><span class='ocrx_word' id='word_1_198' title='bbox 175 2352 208 2415; x_wconf 84' lang='grc' dir='ltr'><strong><em>έν</em></strong></span> <span class='ocrx_word' id='word_1_199' title='bbox 230 2359 270 2437; x_wconf 77' lang='grc' dir='ltr'><strong><em>τῷ</em></strong></span> <span class='ocrx_word' id='word_1_200' title='bbox 289 2357 360 2437; x_wconf 75' lang='grc' dir='ltr'><strong><em>λαῷ,</em></strong></span> <span class='ocrx_word' id='word_1_201' title='bbox 383 2353 429 2414; x_wconf 80' lang='grc' dir='ltr'><strong><em>ὅτι</em></strong></span> <span class='ocrx_word' id='word_1_202' title='bbox 455 2351 599 2416; x_wconf 83' lang='grc' dir='ltr'><strong><em>ἀπέναντι</em></strong></span> <span class='ocrx_word' id='word_1_203' title='bbox 624 2353 695 2434; x_wconf 79' lang='grc' dir='ltr'><strong><em>ὄψει</em></strong></span> <span class='ocrx_word' id='word_1_204' title='bbox 721 2355 777 2435; x_wconf 78' lang='grc' dir='ltr'><strong><em>τήν</em></strong></span> <span class='ocrx_word' id='word_1_205' title='bbox 805 2365 863 2437; x_wconf 84' lang='grc' dir='ltr'><strong><em>γήν</em></strong></span> <span class='ocrx_word' id='word_1_206' title='bbox 885 2353 936 2416; x_wconf 85' lang='grc' dir='ltr'><strong><em>καλ</em></strong></span> <span class='ocrx_word' id='word_1_207' title='bbox 957 2353 1022 2416; x_wconf 76' lang='grc' dir='ltr'><strong><em>ἐκεῖ</em></strong></span> <span class='ocrx_word' id='word_1_208' title='bbox 1039 2353 1096 2416; x_wconf 85' lang='grc' dir='ltr'><strong><em>ούκ</em></strong></span> <span class='ocrx_word' id='word_1_209' title='bbox 1117 2355 1193 2418; x_wconf 82' lang='grc' dir='ltr'><strong><em>εἰσε-</em></strong></span> 
     </span>
     <span class='ocr_line' id='line_1_23' title="bbox 175 2449 1192 2534; baseline 0.004 -23"><span class='ocrx_word' id='word_1_210' title='bbox 175 2451 273 2534; x_wconf 86' lang='grc' dir='ltr'><strong><em>λεύση.</em></strong></span> <span class='ocrx_word' id='word_1_211' title='bbox 317 2459 371 2511; x_wconf 84' lang='grc' dir='ltr'><strong><em>τοῦ</em></strong></span> <span class='ocrx_word' id='word_1_212' title='bbox 403 2449 435 2513; x_wconf 78' lang='grc' dir='ltr'><strong><em>δέ</em></strong></span> <span class='ocrx_word' id='word_1_213' title='bbox 465 2450 621 2526; x_wconf 82' lang='grc' dir='ltr'><strong><em>Μωύσέως</em></strong></span> <span class='ocrx_word' id='word_1_214' title='bbox 651 2453 746 2515; x_wconf 86' lang='grc' dir='ltr'><strong><em>πολλὰ</em></strong></span> <span class='ocrx_word' id='word_1_215' title='bbox 776 2452 826 2515; x_wconf 82' lang='grc' dir='ltr'><strong><em>καλ</em></strong></span> <span class='ocrx_word' id='word_1_216' title='bbox 857 2453 1002 2526; x_wconf 86' lang='grc' dir='ltr'><strong><em>πολλάκις</em></strong></span> <span class='ocrx_word' id='word_1_217' title='bbox 1030 2451 1192 2532; x_wconf 90' lang='grc' dir='ltr'><strong><em>δεηθέντος</em></strong></span> 
     </span>
    </p>

    <p class='ocr_par' dir='ltr' id='par_1_8' title="bbox 175 2542 1192 2730">
     <span class='ocr_line' id='line_1_24' title="bbox 175 2542 1192 2632; baseline 0.004 -24"><span class='ocrx_word' id='word_1_218' title='bbox 175 2557 227 2608; x_wconf 79' lang='grc' dir='ltr'><strong><em>τοῦ</em></strong></span> <span class='ocrx_word' id='word_1_219' title='bbox 250 2554 326 2609; x_wconf 82' lang='grc' dir='ltr'><strong><em>θεοῦ</em></strong></span> <span class='ocrx_word' id='word_1_220' title='bbox 347 2547 415 2630; x_wconf 87' lang='grc' dir='ltr'><strong><em>περλ</em></strong></span> <span class='ocrx_word' id='word_1_221' title='bbox 435 2549 543 2611; x_wconf 88' lang='grc' dir='ltr'><strong><em>τούτου</em></strong></span> <span class='ocrx_word' id='word_1_222' title='bbox 562 2550 614 2612; x_wconf 86' lang='grc' dir='ltr'><strong><em>καλ</em></strong></span> <span class='ocrx_word' id='word_1_223' title='bbox 631 2549 778 2632; x_wconf 82' lang='grc' dir='ltr'><strong><em>λέγοντος·</em></strong></span> <span class='ocrx_word' id='word_1_224' title='bbox 802 2550 908 2631; x_wconf 83' lang='grc' dir='ltr'><strong><em>διαβὰς</em></strong></span> <span class='ocrx_word' id='word_1_225' title='bbox 930 2542 997 2631; x_wconf 85' lang='grc' dir='ltr'><strong><em>ούν,</em></strong></span> <span class='ocrx_word' id='word_1_226' title='bbox 1020 2543 1192 2612; x_wconf 84' lang='grc' dir='ltr'><strong><em>ἀδέσποτα</em></strong></span> 
     </span>
     <span class='ocr_line' id='line_1_25' title="bbox 175 2639 1192 2730; baseline 0.006 -25"><span class='ocrx_word' id='word_1_227' title='bbox 175 2645 268 2726; x_wconf 85' lang='grc' dir='ltr'><strong><em>κύριε,</em></strong></span> <span class='ocrx_word' id='word_1_228' title='bbox 295 2643 347 2706; x_wconf 86' lang='grc' dir='ltr'><strong><em>τὸν</em></strong></span> <span class='ocrx_word' id='word_1_229' title='bbox 366 2639 522 2726; x_wconf 84' lang='grc' dir='ltr'><strong><em>Ἰορδάνην</em></strong></span> <span class='ocrx_word' id='word_1_230' title='bbox 549 2647 665 2728; x_wconf 80' lang='grc' dir='ltr'><strong><em>ὄψομαι</em></strong></span> <span class='ocrx_word' id='word_1_231' title='bbox 692 2648 747 2728; x_wconf 83' lang='grc' dir='ltr'><strong><em>τήν</em></strong></span> <span class='ocrx_word' id='word_1_232' title='bbox 774 2647 895 2730; x_wconf 83' lang='grc' dir='ltr'><strong><em>ἀγαθὴν</em></strong></span> <span class='ocrx_word' id='word_1_233' title='bbox 920 2657 978 2730; x_wconf 87' lang='grc' dir='ltr'><strong><em>γήν</em></strong></span> <span class='ocrx_word' id='word_1_234' title='bbox 1000 2646 1118 2728; x_wconf 72' lang='grc' dir='ltr'><strong><em>ἐκείνην</em></strong></span> <span class='ocrx_word' id='word_1_235' title='bbox 1140 2649 1192 2711; x_wconf 84' lang='grc' dir='ltr'><strong><em>καλ</em></strong></span> 
     </span>
    </p>
   </div>
   <div class='ocr_carea' id='block_1_8' title="bbox 171 2833 1189 2976">
    <p class='ocr_par' dir='ltr' id='par_1_9' title="bbox 171 2833 1189 2976">
     <span class='ocr_line' id='line_1_26' title="bbox 247 2833 1189 2908; baseline 0.005 -21"><span class='ocrx_word' id='word_1_236' title='bbox 247 2839 335 2888; x_wconf 77' lang='grc'><strong>6-15</strong></span> <span class='ocrx_word' id='word_1_237' title='bbox 353 2833 436 2888; x_wconf 87' lang='lat' dir='ltr'><strong>Num.</strong></span> <span class='ocrx_word' id='word_1_238' title='bbox 451 2839 495 2903; x_wconf 87' lang='grc'><strong><em>20,</em></strong></span> <span class='ocrx_word' id='word_1_239' title='bbox 510 2841 608 2906; x_wconf 71' lang='grc' dir='ltr'><strong><em>2λεηη.</em></strong></span> <span class='ocrx_word' id='word_1_240' title='bbox 623 2869 658 2878; x_wconf 90' lang='grc'>-</span> <span class='ocrx_word' id='word_1_241' title='bbox 678 2842 782 2890; x_wconf 83' lang='grc'>16-22</span> <span class='ocrx_word' id='word_1_242' title='bbox 797 2836 878 2892; x_wconf 76' lang='lat' dir='ltr'>Deut.</span> <span class='ocrx_word' id='word_1_243' title='bbox 895 2842 937 2905; x_wconf 84' lang='grc'><strong><em>32,</em></strong></span> <span class='ocrx_word' id='word_1_244' title='bbox 951 2843 986 2891; x_wconf 87' lang='grc'><strong><em>48</em></strong></span> <span class='ocrx_word' id='word_1_245' title='bbox 995 2855 1050 2908; x_wconf 79' lang='lat' dir='ltr'><strong><em>sqq.</em></strong></span> <span class='ocrx_word' id='word_1_246' title='bbox 1066 2871 1099 2878; x_wconf 98' lang='grc'>-</span> <span class='ocrx_word' id='word_1_247' title='bbox 1119 2843 1189 2892; x_wconf 86' lang='grc'><strong><em>23-</em></strong></span> 
     </span>
     <span class='ocr_line' id='line_1_27' title="bbox 171 2904 577 2976; baseline 0.005 -16"><span class='ocrx_word' id='word_1_248' title='bbox 171 2923 201 2976; x_wconf 78' lang='grc' dir='ltr'><strong><em>γι.</em></strong></span> <span class='ocrx_word' id='word_1_249' title='bbox 218 2910 278 2973; x_wconf 69' lang='grc'><strong><em>122,</em></strong></span> <span class='ocrx_word' id='word_1_250' title='bbox 293 2910 308 2958; x_wconf 87' lang='grc'><strong>6</strong></span> <span class='ocrx_word' id='word_1_251' title='bbox 327 2904 409 2961; x_wconf 76' lang='lat' dir='ltr'><strong>Dent.</strong></span> <span class='ocrx_word' id='word_1_252' title='bbox 430 2911 457 2974; x_wconf 78' lang='lat'><strong><em>3,</em></strong></span> <span class='ocrx_word' id='word_1_253' title='bbox 471 2913 517 2976; x_wconf 79' lang='lat'><strong><em>263</em></strong></span> <span class='ocrx_word' id='word_1_254' title='bbox 535 2913 577 2962; x_wconf 86' lang='grc'><strong><em>26.</em></strong></span> 
     </span>
    </p>
   </div>
   <div class='ocr_carea' id='block_1_9' title="bbox 174 3044 1188 3404">
    <p class='ocr_par' dir='ltr' id='par_1_10' title="bbox 174 3044 1188 3404">
     <span class='ocr_line' id='line_1_28' title="bbox 248 3044 1188 3140; baseline 0.003 -37"><span class='ocrx_word' id='word_1_255' title='bbox 248 3055 262 3102; x_wconf 94' lang='grc'>1</span> <span class='ocrx_word' id='word_1_256' title='bbox 282 3049 327 3110; x_wconf 87' lang='grc' dir='ltr'><strong><em>δλς</em></strong></span> <span class='ocrx_word' id='word_1_257' title='bbox 344 3056 377 3140; x_wconf 81' lang='grc' dir='ltr'><strong><em>τή</em></strong></span> <span class='ocrx_word' id='word_1_258' title='bbox 397 3044 493 3121; x_wconf 72' lang='grc' dir='ltr'><strong><em>όάβδω</em></strong></span> <span class='ocrx_word' id='word_1_259' title='bbox 511 3048 545 3104; x_wconf 88' lang='lat' dir='ltr'><strong><em>N.</em></strong></span> <span class='ocrx_word' id='word_1_260' title='bbox 570 3082 603 3089; x_wconf 99' lang='lat'>—</span> <span class='ocrx_word' id='word_1_261' title='bbox 627 3054 643 3102; x_wconf 97' lang='grc'>2</span> <span class='ocrx_word' id='word_1_262' title='bbox 664 3049 741 3105; x_wconf 84' lang='grc' dir='ltr'><strong><em>έπιεν</em></strong></span> <span class='ocrx_word' id='word_1_263' title='bbox 762 3049 778 3105; x_wconf 92' lang='grc' dir='ltr'><strong><em>ό</em></strong></span> <span class='ocrx_word' id='word_1_264' title='bbox 796 3049 863 3113; x_wconf 86' lang='grc' dir='ltr'><strong><em>λαός</em></strong></span> <span class='ocrx_word' id='word_1_265' title='bbox 880 3057 931 3119; x_wconf 84' lang='grc' dir='ltr'><strong><em>τής</em></strong></span> <span class='ocrx_word' id='word_1_266' title='bbox 948 3059 1111 3122; x_wconf 73' lang='grc' dir='ltr'><strong><em>συναγωγῆς</em></strong></span> <span class='ocrx_word' id='word_1_267' title='bbox 1128 3051 1188 3106; x_wconf 86' lang='lat' dir='ltr'><strong><em>RV.</em></strong></span> 
     </span>
     <span class='ocr_line' id='line_1_29' title="bbox 176 3104 1188 3192; baseline 0.005 -20"><span class='ocrx_word' id='word_1_268' title='bbox 176 3149 210 3160; x_wconf 90' lang='lat'>-</span> <span class='ocrx_word' id='word_1_269' title='bbox 230 3125 245 3172; x_wconf 83' lang='grc'><strong>7</strong></span> <span class='ocrx_word' id='word_1_270' title='bbox 263 3120 440 3188; x_wconf 81' lang='grc' dir='ltr'><strong><em>παροξυνατε</em></strong></span> <span class='ocrx_word' id='word_1_271' title='bbox 454 3104 568 3173; x_wconf 78' lang='grc' dir='ltr'><strong>ΔἩΜΡ</strong></span> <span class='ocrx_word' id='word_1_272' title='bbox 589 3121 779 3189; x_wconf 80' lang='grc' dir='ltr'><strong><em>έπαροξύνατε</em></strong></span> <span class='ocrx_word' id='word_1_273' title='bbox 797 3121 825 3176; x_wconf 74' lang='grc' dir='ltr'><strong><em>(δ.</em></strong></span> <span class='ocrx_word' id='word_1_274' title='bbox 841 3153 874 3162; x_wconf 92' lang='grc'>-</span> <span class='ocrx_word' id='word_1_275' title='bbox 895 3128 928 3176; x_wconf 89' lang='grc'><strong><em>10</em></strong></span> <span class='ocrx_word' id='word_1_276' title='bbox 947 3121 1038 3191; x_wconf 86' lang='grc' dir='ltr'><strong><em>πάσης</em></strong></span> <span class='ocrx_word' id='word_1_277' title='bbox 1055 3129 1105 3192; x_wconf 78' lang='grc' dir='ltr'><strong><em>τῆς</em></strong></span> <span class='ocrx_word' id='word_1_278' title='bbox 1122 3140 1188 3177; x_wconf 91' lang='grc' dir='ltr'><strong><em>συν-</em></strong></span> 
     </span>
     <span class='ocr_line' id='line_1_30' title="bbox 175 3190 1187 3267; baseline 0.004 -22"><span class='ocrx_word' id='word_1_279' title='bbox 175 3199 286 3261; x_wconf 78' lang='grc' dir='ltr'><strong><em>αγωγῆς</em></strong></span> <span class='ocrx_word' id='word_1_280' title='bbox 303 3190 448 3245; x_wconf 87' lang='lat' dir='ltr'><strong>NVNum.</strong></span> <span class='ocrx_word' id='word_1_281' title='bbox 468 3223 502 3231; x_wconf 96' lang='lat'><em>-</em></span> <span class='ocrx_word' id='word_1_282' title='bbox 526 3195 559 3245; x_wconf 75' lang='grc'><strong><em>17</em></strong></span> <span class='ocrx_word' id='word_1_283' title='bbox 582 3190 614 3244; x_wconf 88' lang='grc' dir='ltr'><strong><em>τὸ</em></strong></span> <span class='ocrx_word' id='word_1_284' title='bbox 632 3213 669 3246; x_wconf 90' lang='grc' dir='ltr'><strong><em>να</em></strong></span> <span class='ocrx_word' id='word_1_285' title='bbox 690 3193 726 3246; x_wconf 84' lang='grc' dir='ltr'><strong><em>αύ</em></strong></span> <span class='ocrx_word' id='word_1_286' title='bbox 744 3193 767 3246; x_wconf 81' lang='lat' dir='ltr'>L</span> <span class='ocrx_word' id='word_1_287' title='bbox 788 3193 839 3248; x_wconf 88' lang='grc' dir='ltr'><strong><em>τὸν</em></strong></span> <span class='ocrx_word' id='word_1_288' title='bbox 857 3193 932 3266; x_wconf 79' lang='grc' dir='ltr'><strong><em>άβαύ</em></strong></span> <span class='ocrx_word' id='word_1_289' title='bbox 951 3195 976 3246; x_wconf 90' lang='grc' dir='ltr'><strong>Α</strong></span> <span class='ocrx_word' id='word_1_290' title='bbox 1001 3194 1032 3248; x_wconf 89' lang='grc' dir='ltr'><strong><em>τὸ</em></strong></span> <span class='ocrx_word' id='word_1_291' title='bbox 1051 3196 1147 3267; x_wconf 79' lang='grc' dir='ltr'><strong><em>παβαύ</em></strong></span> <span class='ocrx_word' id='word_1_292' title='bbox 1166 3193 1187 3249; x_wconf 81' lang='lat' dir='ltr'>C</span> 
     </span>
     <span class='ocr_line' id='line_1_31' title="bbox 174 3261 1187 3335; baseline 0.004 -20"><span class='ocrx_word' id='word_1_293' title='bbox 174 3261 440 3316; x_wconf 57' lang='lat' dir='ltr'><strong>mmm-18</strong></span> <span class='ocrx_word' id='word_1_294' title='bbox 455 3263 551 3329; x_wconf 85' lang='grc' dir='ltr'><strong><em>άαρὼν</em></strong></span> <span class='ocrx_word' id='word_1_295' title='bbox 565 3263 649 3316; x_wconf 89' lang='lat' dir='ltr'><em>om.B</em></span> <span class='ocrx_word' id='word_1_296' title='bbox 677 3295 728 3318; x_wconf 87' lang='lat'><strong><em>.-—</em></strong></span> <span class='ocrx_word' id='word_1_297' title='bbox 743 3269 777 3318; x_wconf 87' lang='grc'><strong><em>20</em></strong></span> <span class='ocrx_word' id='word_1_298' title='bbox 791 3263 960 3334; x_wconf 70' lang='grc' dir='ltr'><strong><em>κάδδηςΒΙδ</em></strong></span> <span class='ocrx_word' id='word_1_299' title='bbox 973 3262 1140 3335; x_wconf 70' lang='grc' dir='ltr'><strong><em>καδάκηςθ.</em></strong></span> <span class='ocrx_word' id='word_1_300' title='bbox 1152 3297 1187 3306; x_wconf 90' lang='grc'>-</span> 
     </span>
     <span class='ocr_line' id='line_1_32' title="bbox 175 3327 1185 3404; baseline 0.005 -19"><span class='ocrx_word' id='word_1_301' title='bbox 175 3338 209 3385; x_wconf 82' lang='grc'><strong><em>23</em></strong></span> <span class='ocrx_word' id='word_1_302' title='bbox 228 3327 263 3404; x_wconf 84' lang='grc' dir='ltr'><strong><em>ὦ]</em></strong></span> <span class='ocrx_word' id='word_1_303' title='bbox 278 3327 332 3388; x_wconf 80' lang='grc' dir='ltr'><strong><em>ὦδε</em></strong></span> <span class='ocrx_word' id='word_1_304' title='bbox 346 3332 371 3385; x_wconf 91' lang='grc' dir='ltr'><strong><em>Ι)</em></strong></span> <span class='ocrx_word' id='word_1_305' title='bbox 385 3349 436 3388; x_wconf 81' lang='lat' dir='ltr'><strong><em>om.</em></strong></span> <span class='ocrx_word' id='word_1_306' title='bbox 451 3332 512 3387; x_wconf 81' lang='lat' dir='ltr'><strong><em>GR.</em></strong></span> <span class='ocrx_word' id='word_1_307' title='bbox 530 3363 563 3373; x_wconf 91' lang='lat'>—</span> <span class='ocrx_word' id='word_1_308' title='bbox 578 3331 702 3389; x_wconf 82' lang='grc' dir='ltr'><strong><em>δέσποτα</em></strong></span> <span class='ocrx_word' id='word_1_309' title='bbox 715 3352 766 3391; x_wconf 86' lang='lat' dir='ltr'><strong><em>om.</em></strong></span> <span class='ocrx_word' id='word_1_310' title='bbox 781 3335 836 3391; x_wconf 78' lang='grc' dir='ltr'><strong><em>ΟΡ.</em></strong></span> <span class='ocrx_word' id='word_1_311' title='bbox 852 3367 885 3376; x_wconf 91' lang='grc'>-</span> <span class='ocrx_word' id='word_1_312' title='bbox 905 3341 939 3390; x_wconf 81' lang='grc'><strong><em>24</em></strong></span> <span class='ocrx_word' id='word_1_313' title='bbox 958 3335 1036 3404; x_wconf 84' lang='grc' dir='ltr'><strong><em>κύριε</em></strong></span> <span class='ocrx_word' id='word_1_314' title='bbox 1049 3353 1100 3392; x_wconf 85' lang='lat' dir='ltr'><strong><em>om.</em></strong></span> <span class='ocrx_word' id='word_1_315' title='bbox 1117 3336 1185 3390; x_wconf 85' lang='grc' dir='ltr'><strong><em>ΗΜ,</em></strong></span> 
     </span>
    </p>
   </div>
   <div class='ocr_carea' id='block_1_10' title="bbox 174 3480 1190 3703">
    <p class='ocr_par' dir='ltr' id='par_1_11' title="bbox 174 3480 1190 3703">
     <span class='ocr_line' id='line_1_33' title="bbox 246 3480 1190 3559; baseline 0.005 -23"><span class='ocrx_word' id='word_1_316' title='bbox 246 3488 262 3536; x_wconf 86' lang='grc'>6</span> <span class='ocrx_word' id='word_1_317' title='bbox 281 3480 462 3537; x_wconf 83' lang='grc' dir='ltr'><strong><em>ἀποθανεέτω</em></strong></span> <span class='ocrx_word' id='word_1_318' title='bbox 481 3482 511 3536; x_wconf 91' lang='grc' dir='ltr'><strong><em>Ρ.</em></strong></span> <span class='ocrx_word' id='word_1_319' title='bbox 535 3515 569 3523; x_wconf 89' lang='grc'>-</span> <span class='ocrx_word' id='word_1_320' title='bbox 596 3485 777 3555; x_wconf 75' lang='grc' dir='ltr'><strong><em>Ὶείσήλθητε</em></strong></span> <span class='ocrx_word' id='word_1_321' title='bbox 795 3486 824 3540; x_wconf 94' lang='lat' dir='ltr'><strong><em>P.</em></strong></span> <span class='ocrx_word' id='word_1_322' title='bbox 844 3517 877 3526; x_wconf 92' lang='lat'><em>-</em></span> <span class='ocrx_word' id='word_1_323' title='bbox 903 3491 919 3540; x_wconf 83' lang='lat'>9</span> <span class='ocrx_word' id='word_1_324' title='bbox 942 3485 1090 3552; x_wconf 79' lang='grc' dir='ltr'><strong><em>συνέταξεν</em></strong></span> <span class='ocrx_word' id='word_1_325' title='bbox 1110 3488 1190 3559; x_wconf 74' lang='grc' dir='ltr'><strong><em>αύτῷ</em></strong></span> 
     </span>
     <span class='ocr_line' id='line_1_34' title="bbox 174 3551 1190 3633; baseline 0.007 -28"><span class='ocrx_word' id='word_1_326' title='bbox 174 3552 270 3619; x_wconf 83' lang='grc' dir='ltr'><strong><em>κύριος</em></strong></span> <span class='ocrx_word' id='word_1_327' title='bbox 287 3553 317 3606; x_wconf 95' lang='grc' dir='ltr'><strong><em>Ρ.</em></strong></span> <span class='ocrx_word' id='word_1_328' title='bbox 338 3585 371 3592; x_wconf 99' lang='grc'>-</span> <span class='ocrx_word' id='word_1_329' title='bbox 396 3558 430 3606; x_wconf 80' lang='grc'><strong><em>15</em></strong></span> <span class='ocrx_word' id='word_1_330' title='bbox 448 3551 553 3622; x_wconf 78' lang='grc' dir='ltr'><strong><em>ἡμέρας</em></strong></span> <span class='ocrx_word' id='word_1_331' title='bbox 570 3560 589 3622; x_wconf 69' lang='grc' dir='ltr'><em>ᾗ</em></span> <span class='ocrx_word' id='word_1_332' title='bbox 608 3555 638 3609; x_wconf 93' lang='lat' dir='ltr'><strong><em>P.</em></strong></span> <span class='ocrx_word' id='word_1_333' title='bbox 658 3589 691 3596; x_wconf 99' lang='lat'>—</span> <span class='ocrx_word' id='word_1_334' title='bbox 716 3563 749 3612; x_wconf 81' lang='lat'><strong><em>18</em></strong></span> <span class='ocrx_word' id='word_1_335' title='bbox 767 3560 879 3612; x_wconf 79' lang='grc' dir='ltr'><strong><em>τελευτά</em></strong></span> <span class='ocrx_word' id='word_1_336' title='bbox 897 3557 928 3611; x_wconf 92' lang='grc' dir='ltr'><strong><em>Ρ.</em></strong></span> <span class='ocrx_word' id='word_1_337' title='bbox 952 3589 984 3598; x_wconf 95' lang='grc'>-</span> <span class='ocrx_word' id='word_1_338' title='bbox 1011 3563 1043 3612; x_wconf 88' lang='grc'><strong><em>19</em></strong></span> <span class='ocrx_word' id='word_1_339' title='bbox 1062 3557 1132 3626; x_wconf 78' lang='grc' dir='ltr'><strong><em>ένδιρ</em></strong></span> <span class='ocrx_word' id='word_1_340' title='bbox 1150 3557 1190 3633; x_wconf 78' lang='grc' dir='ltr'><strong><em>τῷ</em></strong></span> 
     </span>
     <span class='ocr_line' id='line_1_35' title="bbox 174 3621 1135 3703; baseline 0.007 -26"><span class='ocrx_word' id='word_1_341' title='bbox 174 3621 233 3691; x_wconf 89' lang='grc' dir='ltr'><strong><em>όρει</em></strong></span> <span class='ocrx_word' id='word_1_342' title='bbox 250 3621 362 3677; x_wconf 78' lang='lat' dir='ltr'>PDeut.</span> <span class='ocrx_word' id='word_1_343' title='bbox 384 3653 417 3663; x_wconf 94' lang='lat'><em>-</em></span> <span class='ocrx_word' id='word_1_344' title='bbox 436 3627 469 3676; x_wconf 89' lang='grc'><strong><em>21</em></strong></span> <span class='ocrx_word' id='word_1_345' title='bbox 491 3622 549 3694; x_wconf 76' lang='grc' dir='ltr'><strong><em>δηη</em></strong></span> <span class='ocrx_word' id='word_1_346' title='bbox 568 3624 598 3680; x_wconf 94' lang='grc' dir='ltr'><strong><em>Ρ.</em></strong></span> <span class='ocrx_word' id='word_1_347' title='bbox 617 3658 651 3668; x_wconf 91' lang='grc'><strong>-</strong></span> <span class='ocrx_word' id='word_1_348' title='bbox 671 3633 705 3682; x_wconf 77' lang='grc'><strong><em>23</em></strong></span> <span class='ocrx_word' id='word_1_349' title='bbox 723 3633 763 3703; x_wconf 77' lang='grc' dir='ltr'><strong><em>τῷ</em></strong></span> <span class='ocrx_word' id='word_1_350' title='bbox 781 3632 843 3702; x_wconf 75' lang='grc' dir='ltr'><strong><em>θεῷ</em></strong></span> <span class='ocrx_word' id='word_1_351' title='bbox 856 3627 886 3683; x_wconf 92' lang='grc' dir='ltr'><strong><em>Ρ.</em></strong></span> <span class='ocrx_word' id='word_1_352' title='bbox 906 3659 940 3670; x_wconf 89' lang='grc'><strong>-</strong></span> <span class='ocrx_word' id='word_1_353' title='bbox 958 3627 1088 3692; x_wconf 84' lang='grc' dir='ltr'><strong><em>εἰπόντος</em></strong></span> <span class='ocrx_word' id='word_1_354' title='bbox 1104 3629 1135 3685; x_wconf 91' lang='grc' dir='ltr'><strong><em>Ρ.</em></strong></span> 
     </span>
    </p>
   </div>
   <div class='ocr_carea' id='block_1_11' title="bbox 0 0 1314 3909">
    <p class='ocr_par' dir='ltr' id='par_1_12' title="bbox 0 0 1314 3909">
     <span class='ocr_line' id='line_1_36' title="bbox 0 0 1314 3909; baseline 0 3"><span class='ocrx_word' id='word_1_355' title='bbox 0 0 1314 3909; x_wconf 95' lang='lat' dir='ltr'><strong><em> </em></strong></span> 
     </span>
    </p>
   </div>
  </div>
 </body>
</html>
