2617 3909
537 241 739 293 PRAEFATIO
1029 243 1146 294 LXXIII

127 391 334 451 eeclesiastIois
357 392 516 451 versantur
537 392 629 467 plura
654 391 691 449 de
714 391 761 449 his
785 389 907 470 Georgii
929 392 1062 451 fontibus
1085 412 1148 453 esse

125 482 368 558 investigaturos.

194 568 264 645 Ipse
277 568 411 629 fontibus
425 569 515 628 allter
527 587 598 629 usus
613 586 679 629 sum
694 572 785 645 atque
798 569 967 629 Muraltius.
999 570 1058 641 Qui
1071 590 1148 646 quae

124 658 157 716 in
180 657 315 717 fontibus
339 676 412 733 quos
430 658 668 735 investigaverat
686 677 704 716 a
722 658 844 736 Georgii
861 659 959 719 verbis
977 658 1149 736 disorepant

124 748 276 823 permulta
298 748 330 805 in
355 750 505 824 apparatu
523 747 626 807 oritioo
645 748 777 822 notarit,
800 748 851 807 sed
870 768 905 807 ex
922 751 1009 824 parte
1027 752 1147 808 tanturn

125 856 160 897 ae
183 840 307 910 temere,
334 840 369 895 ut
393 854 468 912 quae
490 837 570 896 inter
593 835 716 915 Georgii
741 838 772 896 et
793 837 923 897 fontium
944 840 1045 898 textus
1067 840 1146 898 ratio

122 926 323 986 intercederet
349 944 542 1002 nequaqnam
569 929 737 1003 appareret.
783 924 929 1006 Georgius
957 931 1071 1003 autem,
1097 928 1146 987 rel

123 1017 286 1092 scriptores
304 1015 383 1073 unde
396 1015 507 1089 hausit,
525 1017 646 1092 patrum
665 1016 933 1075 ecclesiastieorum
950 1015 1146 1092 reliquorum·

124 1123 183 1180 que
198 1105 378 1179 scriptorum
396 1104 487 1163 verba
500 1104 545 1163 ita
558 1106 690 1164 mutarit
708 1107 739 1163 et
751 1104 937 1179 retractavit,
955 1109 991 1164 ut
1004 1108 1031 1165 si
1044 1124 1146 1166 omnes

123 1193 341 1269 discrepantias
365 1196 508 1253 annotare
526 1193 624 1252 editor
641 1193 780 1268 voluerit,
798 1194 899 1252 variae
922 1194 1064 1254 lectiones
1083 1214 1146 1255 ore-

121 1285 230 1341 rentur
251 1284 434 1343 innumerae.
473 1280 552 1351 Quas
567 1282 688 1357 quidem
711 1302 778 1343 oum
801 1301 897 1357 neque
919 1300 1025 1360 sapere
1050 1286 1147 1359 possit

122 1374 290 1449 apparatis
308 1373 428 1431 aritiens
447 1390 543 1447 neque
560 1370 785 1449 repraesentare
803 1390 906 1430 omnes
925 1372 1072 1448 expediat,
1095 1391 1145 1433 eas

121 1463 245 1520 tantum
263 1460 391 1535 exhibui,
417 1478 494 1537 quae
512 1460 551 1519 ad
569 1462 665 1538 ipsius
681 1462 813 1521 ehronioi
831 1461 973 1521 lectiones
991 1461 1144 1521 illustran-

122 1550 177 1611 das
193 1550 308 1626 aliquid
322 1550 433 1625 valent,
451 1552 600 1626 imprimis
615 1568 686 1609 vero
705 1550 815 1611 oodiois
831 1550 866 1623 P,
885 1553 996 1627 quippe
1010 1551 1062 1626 qui
1076 1570 1146 1611 eum

122 1638 259 1699 fontibus
277 1639 453 1715 plerumque
471 1640 568 1716 magis
589 1658 680 1714 qnam
699 1642 791 1700 oeteri
812 1639 884 1698 libri
907 1642 1081 1700 consentiat.

190 1728 302 1788 Fontes
326 1733 427 1789 autem
455 1725 600 1807 Georgius
624 1747 685 1803 qua
711 1730 777 1787 erat
801 1733 839 1786 ut
864 1730 929 1806 ipse
956 1730 1070 1789 fatetur
1089 1732 1144 1789 im·

121 1818 289 1878 beeillitate
312 1817 459 1894 excerpsit
480 1818 751 1895 neglegentissime,
773 1818 870 1877 multa
890 1819 969 1877 male
987 1819 1144 1894 intellexit,

120 1908 220 1966 multa
245 1909 356 1967 temere
383 1908 569 1966 retractavit.
615 1906 827 1984 Disorepantes
851 1908 946 1986 igitur
974 1908 1145 1967 aientium

120 1998 208 2055 textu
231 1996 382 2071 lectiones,
407 1998 543 2071 quamvis
567 1998 628 2055 sint
650 1997 869 2070 insanissimae,
893 1995 1020 2072 probari
1043 2016 1144 2057 omnes

121 2104 327 2161 quaecumque
356 2086 465 2145 oodieis
487 2086 518 2143 P
541 2104 608 2145 oum
634 2086 820 2161 reliquorum
846 2105 906 2144 uno
934 2086 983 2144 vel
1007 2086 1143 2162 pluribus

120 2192 267 2234 eonsensu
298 2174 555 2250 commendantur,
586 2175 705 2235 etiamsi
730 2175 856 2234 meliora
887 2176 919 2233 in
947 2174 1097 2234 eodieibus
1125 2194 1144 2233 a

119 2264 254 2322 librariis
268 2254 317 2322 'ut
344 2281 434 2339 supra
461 2262 524 2323 dixi
551 2264 716 2323 emendatis
743 2264 945 2323 inveniuntur.
990 2263 1144 2323 Nonnulla

119 2352 268 2411 eiusmodi
288 2352 475 2428 stupiditatis
500 2353 721 2431 chronographi
744 2356 775 2412 et
801 2353 1002 2413 festinationis
1025 2355 1144 2412 exstant

120 2442 258 2518 exempla
280 2441 434 2501 luoulenta
455 2442 521 2502 loeo
544 2463 573 2519 p.
594 2443 646 2517 58,
662 2443 768 2518 5sqq.,
791 2460 851 2518 quo
874 2441 910 2501 de
934 2441 992 2501 diis
1016 2442 1142 2503 ethniois

121 2530 187 2609 agit
209 2530 453 2608 sommiseuitqne
475 2533 562 2590 varia
584 2550 619 2590 ex
637 2531 800 2591 Athanasii
821 2534 926 2591 eontra
944 2534 1047 2617 gentes
1065 2532 1142 2591 libro

120 2623 268 2697 exoerpta.
301 2619 405 2679 Veluti
422 2639 451 2696 p.
468 2620 520 2695 59,
536 2622 578 2680 10
596 2620 701 2679 soribit
718 2617 816 2700 ὥσπερ
834 2618 959 2680 κατὰτὸ
978 2617 1142 2701 κραλεχθὲν

120 2708 307 2790 παράδειγμα
330 2706 346 2770 ὅ
367 2707 410 2781 εἰς
427 2706 529 2788 βυθὸν
551 2708 768 2787 καταδυόμενοι
790 2708 862 2769 ὅσον
880 2707 1143 2790 ἕκικαταβαίνσνσι

120 2798 251 2883 τοσούτῳ
279 2800 391 2876 μᾶλλον
417 2795 454 2857 τὰ
480 2794 681 2877 σκοτεινότερα
711 2795 762 2857 καὶ
791 2797 945 2880 βαθύτερα
971 2796 1141 2880 βλέπουσιν.

120 2888 304 2947 Athanasius
328 2906 395 2947 eum
418 2888 530 2947 scribat
556 2886 600 2959 εἰς
626 2885 663 2946 τὰ
686 2886 886 2966 σκοτεινότερα
912 2885 963 2947 καὶ
989 2886 1141 2969 βαθύτερα

120 2974 263 3057 ὁρμῶσιν,
285 2974 447 3055 Georgn'um
469 2977 662 3056 neglegenter
683 2994 739 3053 pro
757 2973 888 3055 ὁρμῶσιν
905 2978 1014 3055 legisse
1032 2973 1141 3054 ὁρῶσιν

120 3070 151 3126 et
172 3069 284 3126 temere
312 3063 473 3144 βλέπουσιν
503 3064 692 3125 substituisse
719 3067 913 3125 manifestum
935 3069 988 3127 est.
1033 3065 1140 3124 Paullo

120 3158 210 3215 antea
227 3176 257 3231 p.
278 3156 330 3231 58,
345 3157 386 3214 22
405 3154 566 3213 Athanasii
584 3154 676 3214 verba
695 3156 843 3231 μαθόντες
861 3152 917 3235 γὰρ
935 3154 968 3214 σί
982 3151 1140 3235 ἅνθρωποι

119 3243 174 3323 τὴν
197 3242 255 3305 οὐκ
273 3234 367 3304 οὖσαν
389 3243 498 3303 κακίαν
520 3241 637 3315 ἑαυτοῖς
659 3241 800 3320 ἐπινοεῖν,
823 3244 901 3304 οὕτω
923 3241 1062 3315 καὶτοὺς
1084 3241 1141 3303 οὐκ

119 3331 208 3406 ὄντας
230 3330 323 3405 θεοὺς
346 3330 462 3405 ἑαυτοῖς
484 3329 687 3392 ἀνεκλάσαντο
711 3352 804 3410 aeque
824 3334 1016 3411 neglegenter
1039 3353 1073 3393 ao
1095 3336 1139 3392 te-

118 3442 199 3483 mere
222 3424 265 3483 sio
285 3423 385 3483 reddIt
403 3422 562 3499 Georgius:
586 3419 649 3482 ἐπεὶ
673 3412 730 3482 οὖν
752 3420 848 3500 ὥσπερ
873 3419 1012 3499 μανέντες
1034 3422 1067 3482 οἱ
1086 3419 1140 3481 ἅν-

119 3517 240 3592 θρωποι
263 3510 318 3589 τὴν
341 3510 398 3571 odes
421 3502 516 3571 οὖσαν
539 3510 646 3570 κακίαν
667 3509 843 3588 ἐπενόησαν,
867 3510 1012 3571 οὕτωκαὶ
1036 3534 1061 3570 κ.
1076 3534 1099 3569 τ.
1114 3513 1139 3570 l.

119 3602 225 3678 Neque
245 3601 333 3661 aliter
350 3622 378 3679 p.
400 3589 486 3677 67,9
510 3602 543 3659 in
566 3602 723 3660 enuntiato
746 3598 829 3677 ἥλιος
852 3595 906 3675 μὲν
929 3597 985 3680 γὰρ
1008 3604 1047 3683 τῷ
1064 3598 1138 3675 σύμ-
