2617 3909
187 233 289 283 LXXX
590 231 793 283 PRAEFATIO

187 344 350 459 archetypo
391 380 497 439 itidem
533 378 708 439 distinctum
748 380 841 439 fuisse
880 379 1041 440 verisimile
1078 378 1208 438 videtur.

187 471 312 531 Accedit
332 470 411 545 quod
425 472 489 544 ipse
505 467 651 547 Georgius
666 468 791 528 eandem
805 469 867 527 fere
884 469 917 527 in
930 465 1067 545 τμήματα
1085 467 1208 528 distinc-

186 562 300 619 tionem
333 578 363 619 se
397 558 502 618 fecisse
534 558 566 615 in
598 558 786 635 praefatione
814 578 843 635 p.
863 559 930 632 4‚1
964 558 1108 631 testatrn,
1139 575 1210 616 cum

188 649 306 709 scribit:
337 652 397 726 Τῆς
420 644 453 708 δὲ
475 655 615 726 χρονικῆς
637 646 837 727 πραγματείας
863 643 919 722 τῆν
941 644 1090 707 ὑπόθεσιν
1113 641 1153 717 ὥς
1175 644 1209 706 ἐν
1299 647 1300 652 '

188 737 266 809 τάξει
288 737 448 815 τμημάτων
479 734 529 795 διὰ
552 734 584 797 τὸ
607 734 792 796 εὐσύνοπτον
814 732 865 795 καλ
892 732 1133 813 εὐμνημόνευτον
1156 755 1209 795 πε-

188 826 362 904 ποιήκαμεν.
400 823 458 885 άπὸ
482 822 536 903 μὲν
555 824 610 906 γὰρ
628 833 681 885 τοῦ
696 817 792 902 Ἀδδιμ
808 821 969 904 ἀρξάμενοι
986 821 1037 883 καλ
1055 820 1139 903 μέχρι
1156 833 1210 903 τῆς

183 908 379 995 Ἀλεξάνδρου
406 920 542 993 τελευτῆς
568 912 708 987 ἐλθόντες
729 912 762 974 ἐν
789 911 927 997 συντόμιμ
949 912 1039 973 πάλιν
1060 910 1210 974 ἀνάπαλιν

187 1002 247 1065 ἀπὸ
270 1013 323 1064 τοῦ
344 996 437 1083 Ἀδδιμ
459 1002 533 1065 κατὰ
555 1003 611 1082 τῆν
634 1002 730 1082 αὐτὴν
753 1001 933 1084 ἐπιχείρησιν
952 999 1004 1061 καὶ
1025 1000 1146 1063 ἔννοιαν
1165 997 1207 1063 δι’

187 1090 404 1171 ίτταναλῆψεως
430 1092 500 1165 τοὺς
527 1092 654 1173 χρόνους
681 1101 734 1172 τῆς
762 1094 839 1171 ζωῆς
867 1100 927 1153 τῶν
954 1090 1062 1170 ἐφεξῆς
1083 1090 1134 1151 καὶ
1156 1090 1209 1165 τὰς
1299 1135 1300 1138 ¹

187 1182 307 1261 πράξεις
326 1180 366 1256 ὡς
385 1176 450 1244 οἷόν
469 1204 498 1243 τε
512 1180 563 1243 διὰ
576 1179 710 1263 βραχέων
724 1178 1028 1260 όιπεμνημονεάσαμευ
1042 1177 1097 1252 ἕως
1108 1173 1210 1259 Ἰησοῦ

187 1280 241 1332 τοῦ
264 1271 367 1352 Ναυῆ,
390 1265 451 1333 εἶτα
474 1270 564 1331 πάλιν
587 1270 638 1331 διδι
660 1270 821 1349 συντομίας
843 1267 913 1343 τοὺς
935 1267 1036 1349 κριτὰς
1054 1267 1137 1351 μέχρι
1154 1278 1209 1331 τοῦ
1299 1293 1300 1356 χ

187 1360 346 1440 προφήτου
369 1360 530 1439 Σαμουῆλ,
558 1359 608 1421 καί
636 1354 696 1422 εἶθ’
722 1360 816 1432 οὕτως
843 1359 948 1421 αὐτίκα
979 1358 1050 1432 τοὺς
1078 1360 1210 1439 βασιλεῖς

188 1457 247 1509 τῶν
268 1443 423 1510 Ἰουδαίων
445 1447 505 1510 ἀπὸ
529 1448 632 1511 Σαοὺλ
660 1447 715 1521 ἕως
742 1448 887 1509 Σεδεκίου
914 1446 965 1510 καὶ
993 1456 1046 1527 τῆς
1073 1444 1210 1523 ἁλώσεως
1299 1435 1300 1500 i

138 1534 139 1537 ¹
184 1530 391 1618 Ἰερουσαλήμ,
423 1536 455 1599 ἐν
483 1531 528 1610 οἷς
560 1536 610 1599 καλ
639 1537 715 1598 κατὰ
743 1530 897 1598 Ἰουδαίων
926 1536 960 1598 ἐκ
991 1535 1126 1618 παρόδου
1159 1536 1211 1599 διδι
1299 1551 1300 1612 3

188 1627 399 1709 βραχυλογίας,
426 1626 525 1687 ἔπειτα
548 1623 580 1687 δὲ
603 1626 674 1700 τοὺς
692 1619 844 1705 Ῥωμαίων
866 1622 1025 1707 ἡγεμόνας,
1047 1624 1146 1708 ὥσπερ
1170 1626 1208 1706 δῆ
1299 1679 1300 1706 ,

188 1713 239 1776 καί
265 1714 336 1787 τοὺς
362 1715 453 1777 πάλαι
476 1718 602 1795 Περσῶν
624 1713 675 1777 καλ
702 1715 894 1777 Μακεδόνων
916 1715 1074 1776 Σελεύκου
1100 1738 1131 1777 τε
1158 1715 1210 1777 καὶ
1299 1711 1300 1736 ³

185 1800 345 1884 Ἀντιόχων
367 1801 418 1865 καὶ
436 1805 629 1883 Πτολεμαίων
647 1804 680 1865 ἐν
699 1804 877 1885 παρεκβαίνει
900 1803 1100 1878 διεξελθόντες
1117 1803 1210 1886 όιρχδις

188 1892 238 1954 καὶ
262 1894 436 1965 δυναστείας
459 1893 536 1955 οὕτω
558 1891 610 1953 καὶ
631 1892 702 1967 τοὺς
720 1886 871 1972 Ῥωμαίων
894 1892 924 1968 ἐξ
944 1886 1097 1971 Ἑλλήνων
1118 1918 1209 1955 κατα·
1299 1889 1300 1946 ἶ

187 1981 333 2064 γομένολις
364 1982 547 2055 καθολικοὺς
576 1980 714 2061 βασιλέας
743 1982 804 2061 ἅμα
832 1980 883 2043 καὶ
911 1981 963 2055 ,ἃς
991 1981 1129 2064 ἐργασίας
1158 1984 1209 2045 κα,
1299 1967 1300 2016 3

188 2071 258 2146 τοὺς
285 2071 438 2144 θανάτους
466 2070 524 2134 ἀπὸ
551 2065 678 2133 Ἰουλίου
700 2072 853 2151 Καίσαρος
880 2070 963 2152 μέχρι
989 2076 1209 2151 Διοκλητιανοῦ
1299 2079 1300 2146 λ

188 2160 239 2222 καὶ
262 2163 460 2241 Μαξιμιανοό
483 2170 542 2222 τῶν
569 2159 700 2222 ἀνοσίων
726 2158 777 2221 καὶ
803 2162 1019 2243 χριστομάχων,
1051 2159 1147 2236 εόθάς
1178 2185 1209 2224 τε
1299 2159 1300 2200 i

188 2254 417 2312 Κωνσταντῖνον
451 2249 504 2311 τὸν
531 2248 739 2331 εὐσεβέστατον
768 2248 819 2311 καί
850 2260 969 2331 πρῶτον
998 2249 1119 2331 βασιλέα
1148 2261 1209 2313 τῶν
1299 2259 1300 2324 λ

188 2344 377 2420 Χριστιανῶν
405 2338 455 2401 καὶ
482 2338 552 2412 τοὺς
574 2340 705 2419 καθεξῆς
732 2338 787 2413 ἕως
813 2348 867 2401 τοῦ
894 2339 1060 2401 τελευταίου
1083 2341 1209 2421 Μιχαὴλ
1299 2333 1300 2372 δ

188 2430 258 2490 οἷον
284 2429 443 2507 Θεοφίλου.
488 2430 525 2489 In
548 2450 606 2505 quo
629 2448 736 2508 regum
758 2431 993 2490 Israeliticorum
1015 2433 1047 2488 et
1068 2430 1209 2507 Assyria-
1299 2423 1300 2490 λ

189 2537 291 2578 corum
312 2521 495 2578 mentionem
517 2538 578 2578 non
600 2520 683 2579 facit
1299 2519 1300 2560 ί

255 2606 292 2665 In
309 2598 404 2667 PVD
426 2610 528 2683 capita
550 2610 682 2668 numeris
705 2608 864 2685 adscriptis
885 2608 1053 2686 significate
1074 2628 1093 2667 a
1112 2610 1208 2685 patri-

189 2697 375 2772 archatuum,
402 2716 575 2775 regnorum,
603 2696 799 2775 imperiorum
824 2696 921 2757 initiis
944 2697 1115 2773 ordiuntur,
1144 2700 1209 2759 sire
1299 2739 1300 2778 p

188 2804 243 2862 per
265 2803 376 2863 peucos
395 2806 497 2846 versus
521 2788 583 2847 sive
605 2805 660 2862 per
681 2787 793 2847 multas
820 2787 953 2865 paginas.
970 2788 1131 2863 pertinent.
1172 2787 1210 2847 In
1299 2793 1300 2814 ³

188 2876 394 2953 paragraphos
425 2876 458 2933 in
490 2877 553 2935 solo
585 2875 663 2935 libro
697 2876 725 2935 V
757 2879 974 2951 imperatorum
1004 2875 1210 2936 Romanorum
1299 2923 1300 2946 2

189 2966 420 3025 christianorum
433 2965 578 3026 historiae
596 2966 698 3042 capite
715 2965 898 3025 dividunto.
933 2964 997 3025 Hos
1015 2965 1108 3025 libros
1126 2985 1210 3027 seon·

188 3056 238 3115 tus
266 3056 367 3129 capite
393 3056 426 3114 in
453 3055 583 3114 editione
611 3074 679 3114 mea
708 3055 839 3114 distinxi.
886 3054 1084 3131 Inscriptione
1107 3058 1210 3131 capita

190 3146 292 3203 carent
314 3144 346 3202 in
369 3143 402 3201 P.
448 3143 484 3201 In
511 3144 663 3220 plerisque
685 3144 754 3204 aliis
783 3146 904 3220 praeter
925 3143 1065 3204 verbosas
1087 3143 1163 3208 libri
1183 3145 1213 3203 V

188 3232 398 3310 inscriptiones
426 3232 601 3310 plerumque
623 3234 829 3295 inscribuntur
851 3231 929 3313 Περὶ
954 3240 1008 3293 τοῦ
1036 3233 1129 3310 δεῖνα,
1159 3235 1211 3293 rol

185 3312 274 3400 Ἀρχῆ
298 3330 352 3382 τοῦ
375 3321 550 3401 δεῖνα,.νοῙ
573 3321 657 3402 Ἀρχὴ
676 3330 729 3401 τῆς
751 3321 900 3401 βασιλείας
922 3330 976 3382 τοῦ
1006 3321 1096 3383 δεῖνα.
1142 3322 1209 3402 Ego

188 3412 224 3468 ut
247 3410 361 3471 codices
384 3410 450 3471 AB
474 3407 550 3491 Περὶ
571 3419 624 3473 τοῦ
648 3411 731 3472 δεῖνα
753 3413 900 3489 inscripsi.
945 3411 1026 3482 Quas
1048 3411 1210 3474 Muraliius

190 3518 206 3556 e
229 3499 379 3562 codicibus
402 3500 616 3563 recentioribus
640 3504 671 3561 ot
695 3500 844 3561 indicibus
866 3502 981 3578 recepit
1007 3502 1142 3577 capitum
1164 3502 1210 3561 n·-

190 3588 363 3650 stinotiones
382 3592 413 3649 et
431 3591 649 3667 inscriptiones,
673 3610 725 3650 coe
744 3591 908 3668 plurimum
930 3592 962 3649 in
980 3589 1066 3651 libris
1084 3610 1209 3652 numero

940 3820 958 3880 t
