2617 3909
174 235 238 299 273
484 231 671 284 Γειιενιοτ
688 230 872 282 ιιοαιειοτ

239 385 379 445 Γίνονται
401 374 457 444 ούν
479 379 538 442 άπὸ
561 390 614 461 τῆς
635 379 754 461 πρύτης
776 378 937 456 οἰκοδομῆς
958 385 1012 437 τοῦ
1034 386 1111 437 ναοῦ
1134 375 1190 450 ἕως

173 491 226 562 τῆς
258 479 394 563 δευτέρας
425 479 474 558 έτη
507 476 584 557 φια’.
629 479 663 541 τδ
694 479 797 540 τοίνυν
827 484 924 556 σχῆμα
951 473 1001 535 καί
1028 468 1109 547 εἰδος
1136 485 1189 554 τῆς

174 578 310 660 δευτέρας
337 578 497 658 οἰκοδομῆς
524 585 577 639 τοῦ
603 584 680 638 ναοῦ
707 565 757 635 καλ
784 583 837 654 τῆς
863 572 975 646 πόλεως
997 568 1191 654 Ἰερουσαλήμ

172 671 211 757 ήν
239 677 344 748 οὕτως·
369 673 388 754 ή
413 673 466 755 μέν
489 667 545 737 ούν
571 674 657 748 πόλις
683 672 759 755 τρισί
786 674 908 753 τείχεσιν
930 669 1112 752 ὠχυρωμένη
1139 671 1190 732 καί

147 775 341 847 εδυσάλωτος
368 772 514 858 ὑπῆρχεν,
541 782 594 835 τοῦ
622 770 654 833 δὲ
681 772 794 852 τείχους
821 770 853 831 ολ
877 770 985 851 πύργοι
1013 769 1191 850 τετράγωνοι

173 871 254 945 ὄντες
285 865 364 952 εἰχον
391 870 423 932 τὸ
451 871 560 943 πλάτος
591 869 641 931 καλ
672 869 705 932 τδ
733 869 814 946 ύψος
845 866 904 928 άνδι
932 876 1036 947 πηχῶν
1063 865 1105 948 ν’,
1140 867 1190 928 καλ

173 969 292 1043 ἕκαστος
314 971 400 1042 λίθος
422 977 475 1047 τῆς
498 969 650 1048 δομήσεως
672 957 712 1046 ήν
730 967 935 1046 εἰκοσάπηχυς.
976 959 1026 1043 ἐφ’
1048 957 1092 1026 ὧν
1110 957 1189 1045 ήσαν

173 1061 250 1129 οἶκοι
272 1071 438 1141 πολυτελεῖς
462 1065 512 1129 καλ
538 1065 656 1149 ὑπερῷα
682 1063 732 1125 καλ
759 1063 914 1142 δεξαμεναλ
936 1063 1011 1144 πρὸς
1033 1062 1190 1145 ὑποδοχήν

172 1163 358 1247 ύμβριμαίων
380 1164 504 1226 ὑδάτων.
551 1158 606 1244 εἶχε
630 1161 663 1225 δέ
685 1161 736 1223 καί
759 1162 939 1243 μεταπύργια
961 1158 1117 1242 δκτάγωνα
1139 1161 1190 1222 καὶ

134 1287 159 1327 10
172 1263 348 1346 παμμεγέθη
380 1261 439 1324 άνδι
470 1270 574 1342 πηχῶν
600 1258 631 1322 σ’
659 1261 692 1323 τὸ
723 1261 805 1337 ύψος
836 1259 953 1340 έχοντα,
986 1256 1027 1331 ὦς
1055 1258 1106 1319 καλ
1134 1260 1191 1339 τήν
1285 1338 1287 1343 ι

170 1355 310 1442 Ἀραβίαν
339 1360 454 1422 ἐκεῖθεν
486 1368 539 1422 τοῦ
571 1356 658 1438 ήλίου
690 1357 861 1439 ἀνίσχοντος
893 1356 1031 1439 δρᾶσθαι.
1077 1356 1129 1418 καί
1157 1357 1189 1418 τὸ

173 1457 226 1538 μὲν
250 1458 355 1540 μέτρον
377 1468 430 1539 τῆς
451 1457 562 1531 πόλεως
585 1455 635 1518 καί
653 1457 827 1538 περίμετρον
844 1449 896 1516 ἀπ’
917 1453 1011 1537 άκρον
1034 1456 1078 1529 εἰς
1095 1453 1190 1537 άκρον

172 1550 228 1637 εἶχε
260 1557 364 1619 στάδια
390 1553 423 1616 ν’
450 1555 500 1616 καί
526 1555 558 1616 τὸ
590 1556 672 1634 ύψος
703 1554 805 1634 πήχεις
832 1550 876 1634 μ’,
904 1555 937 1615 οἰ
966 1551 998 1614 δὲ
1025 1555 1109 1615 λίθοι
1138 1564 1190 1634 τῆς
1285 1613 1287 1619 ,

172 1653 334 1733 οἰκοδομῆς
356 1648 436 1734 εἶχον
458 1651 516 1714 άνδι
536 1663 639 1733 πηχῶν
662 1648 694 1713 κ’
711 1653 743 1714 τὸ
764 1661 872 1732 μῆκος,
895 1651 928 1712 τὸ
952 1649 984 1712 δὲ
1002 1651 1112 1725 πλάτος
1130 1651 1191 1712 άνδι
1285 1738 1286 1743 ¹

134 1775 158 1815 ιι
173 1747 197 1812 ι’
220 1752 332 1830 ποδῶν,
355 1749 494 1824 ὡσαύτως
517 1750 567 1812 καὶ
589 1751 621 1813 τὸ
640 1750 740 1831 πάχος.
778 1748 828 1810 καλ
847 1750 941 1822 ούτως
959 1748 992 1810 ἐν
1009 1757 1045 1834 τῆ
1065 1750 1189 1828 δομήσει
1285 1781 1287 1789 ·

173 1849 204 1910 οἰ
233 1850 314 1910 λίθοι
345 1847 482 1928 άλλήλοις
512 1849 628 1928 ήνωυτο
661 1846 701 1921 δος
733 1847 833 1909 δοκεῖν
864 1847 935 1926 μίαν
967 1839 1044 1908 εἰναι
1078 1845 1190 1930 πέτραν

173 1947 312 2026 μηδαμοῦ
339 1956 391 2026 τῆς
423 1948 586 2026 συναφείας
613 1944 664 2006 καί
691 1955 743 2024 τῆς
770 1943 914 2025 άρμονίας
942 1943 1187 2025 διαφαινομένης.

173 2043 204 2106 τὸ
228 2043 260 2106 δὲ
287 2045 366 2127 ἱερὸν
392 2043 441 2106 ἐπὶ
469 2043 565 2122 λόφου
592 2052 738 2124 καρτερῶς
766 2041 970 2122 δεδομημένου
997 2041 1048 2104 καί
1074 2041 1189 2124 τέτρασι

173 2142 339 2224 περιβόλοις
361 2143 574 2221 κυκλούμενον,
596 2136 652 2222 εἶχε
676 2141 783 2214 λίθους
805 2138 825 2220 ή
848 2139 991 2220 οἰκοδομή
1009 2140 1104 2202 αύτοῦ
1122 2147 1187 2203 λεν-

133 2263 159 2303 ιο
173 2241 244 2312 κούς
276 2263 306 2301 τε
337 2239 387 2301 καλ
418 2239 542 2313 ξυστούς
574 2238 632 2300 ἀνὰ
659 2238 761 2300 ποδῶν
789 2234 824 2316 μ’
850 2237 883 2300 τὸ
909 2235 1036 2318 μέγεθος
1063 2236 1188 2299 ἑκάστου

173 2361 386 2372 ——-——....-

244 2427 324 2490 2sqq.
348 2423 382 2489 cf.
397 2420 510 2489 Joseph.
525 2419 594 2474 Bell.
609 2419 633 2472 J.
649 2418 683 2487 V,
699 2423 750 2473 136
759 2435 814 2487 sqq.

243 2596 260 2644 4
280 2587 440 2712 ὀχυρωμένη
459 2589 539 2643 codd.
551 2593 661 2658 praeter
679 2587 766 2641 BHV.
784 2618 818 2627 -
837 2586 886 2640 καί
904 2602 954 2641 om.
969 2585 1027 2640 BF.
1043 2617 1079 2626 -
1098 2591 1114 2639 ’ἰ
1133 2590 1188 2642 δω-
1285 2662 1287 2679 .

173 2658 279 2728 μήσειος
318 2659 377 2712 ΗΜ
395 2660 546 2730 οἰκοδομῆς
559 2660 591 2713 R.
607 2691 642 2700 —-
661 2657 848 2728 εἰκοσαπήχυς
861 2656 936 2712 OLN
952 2656 1089 2726 εἰκοσάπη
1110 2678 1141 2720 ος
1154 2659 1186 2711 A.

173 2763 208 2770 -
226 2737 241 2784 9
258 2730 434 2802 δμβρινῶνΑ
454 2728 575 2802 ὀμβρίων
589 2731 618 2784 Ρ.
635 2762 669 2771 -
689 2735 723 2784 10
737 2730 786 2783 καλ
799 2745 850 2784 om.
865 2723 945 2782 codd.
954 2735 1069 2798 praeter
1081 2679 1136 2783 KP.
1153 2760 1187 2769 —
1285 2750 1286 2767 ³

175 2807 207 2855 12
222 2799 274 2855 ἀπ’
291 2801 384 2869 άκρων
399 2801 479 2854 οοδδ.
491 2809 601 2870 praeter
613 2801 694 2854 BFP.
710 2833 745 2841 —
765 2807 797 2855 13
812 2800 921 2872 πήχεις]
934 2808 1032 2870 πηχῶν
1047 2799 1132 2854 GRV.
1152 2832 1189 2840 -
1285 2852 1286 2867 ς

174 2878 207 2926 15
222 2871 343 2942 δωμήσει
356 2871 448 2924 ΑΗΜ.
464 2904 499 2912 -
519 2878 551 2927 16
571 2868 645 2927 εἰναι
659 2869 727 2942 μίαν
741 2870 846 2939 πέτραν
860 2871 886 2925 V
903 2868 971 2940 μίαν
985 2887 1014 2924 π.
1030 2867 1105 2925 εἰναι
1118 2870 1187 2924 ΗΜ.

174 2974 207 2983 -
228 2948 260 2997 18
280 2943 329 2998 καὶ
346 2941 456 3010 τέτρασι
473 2963 502 2997 π.
522 2945 712 3012 κυκλούμενον
730 2961 781 2999 om.
797 2942 852 2997 CF.
871 2975 906 2982 -
924 2947 959 2995 20
977 2960 1007 2996 τε
1026 2958 1076 2997 om.
1091 2942 1150 2996 RV.

246 3117 261 3164 2
283 3109 300 3180 ἡ
320 3109 435 3180 δευτέρα
459 3111 592 3181 οἰκοδομή
616 3119 666 3166 τοῦ
689 3120 762 3167 ναοῦ
785 3113 833 3166 καλ
856 3118 906 3180 τῆς
927 3109 1034 3172 πόλεως
1057 3110 1096 3175 ὥς
1119 3128 1188 3180 φησι
1285 3103 1287 3114 ¹

174 3183 296 3250 ἰάσηπος
308 3200 360 3253 κιρ.
375 3183 404 3235 Ρ.
425 3214 458 3223 -
478 3189 494 3236 3
514 3182 681 3253 ὶερουσαλήμ
698 3182 778 3252 καλή
792 3183 899 3237 τούτων
917 3181 1082 3251 περικάλλια
1099 3181 1188 3243 οὕτως

174 3247 209 3344 ήν
228 3252 256 3306 Ρ.
277 3285 310 3294 -
330 3259 345 3306 5
364 3254 499 3326 ὑπῆρχεν]
519 3253 692 3323 καθέστηκεν
709 3255 740 3309 Ρ.
757 3286 791 3295 -
811 3260 827 3308 6
846 3256 914 3309 Post
931 3253 959 3308 ν’
980 3254 1002 3307 Ρ
1020 3254 1101 3308 οδάα
1119 3253 1138 3322 ή
1155 3253 1189 3307 δὲ

174 3322 296 3392 αρμονία
314 3331 363 3392 τῆς
381 3326 532 3394 οἰκοδομῆς
549 3323 704 3380 ἀπεδίνατο
719 3327 777 3394 (εἰσ)
792 3324 888 3394 (οὐδὲν
906 3323 1005 3379 ἀπέδει
1024 3333 1095 3379 ναοῦ
1109 3325 1187 3393 λοι).

175 3425 209 3433 -
229 3399 261 3447 11
281 3397 348 3450 Post
362 3394 521 3464 ὁρᾶσθαιΡ
537 3396 615 3449 adda
633 3396 683 3449 καὶ
700 3394 779 3465 μέχρι
792 3396 938 3466 θαλάσσης
954 3394 991 3450 τδι
1003 3402 1053 3464 τῆς
1066 3395 1188 3468 ἑβραίων

174 3463 342 3536 κληρουχίας
355 3466 442 3519 Ρδοε.
457 3498 492 3506 -
512 3471 616 3519 11-13
634 3466 683 3519 καλ
701 3466 798 3535 τὸμὲν
815 3464 981 3535 περίμετρον
998 3465 1129 3533 άπάκρον
1148 3466 1188 3527 εἰς

176 3533 263 3600 άκρον
281 3543 331 3603 τῆς
348 3534 452 3599 πόλεως
471 3531 526 3606 εἶχε
544 3535 574 3587 Ρ.
599 3566 632 3575 -
658 3540 699 3587 14.
711 3541 744 3589 15
762 3537 794 3590 τδ
814 3544 902 3605 μῆκος
919 3539 967 3591 καλ
986 3535 1113 3591 άναδέκα
1134 3556 1187 3591 πο-

174 3605 233 3658 δῶν
251 3605 282 3659 τδ
302 3608 405 3666 πλάτος
422 3605 471 3659 καί
489 3605 520 3658 τὸ
538 3603 635 3674 πάχος.
667 3606 717 3659 καὶ
735 3605 822 3668 οὕτως
839 3607 869 3662 Ρ.
890 3639 924 3648 -
944 3613 977 3662 18
996 3607 1028 3663 δέ
1045 3627 1077 3678 με
1095 3608 1125 3661 P.
