2617 3909
529 251 717 303 XPONIKON
994 188 996 193 Ι
1067 244 1131 309 307

119 399 252 481 θράπων
274 409 376 480 γενεᾶς
398 398 478 459 Κάϊν
501 397 550 458 καί
566 397 663 479 ’Ἅβελ
707 396 758 458 καὶ
779 397 860 457 Κάϊν
883 394 1134 477 ἀνθρωποκτόνος

118 507 241 586 πρῶτος.
285 495 336 557 καί
367 495 570 576 κατακλυσμὸς
597 497 720 577 ὕστερον
751 494 883 575 ἕπεχόθῆ
916 492 966 555 διὰ
992 492 1048 571 τῆν
1074 502 1133 553 τῶν
1148 514 1187 555 κιο
1200 514 1232 552 ω.

120 593 292 678 ἀνθρώπων
323 593 436 673 πολλὴν
467 595 630 676 πονηρίαν,
663 602 723 675 πῶρ
755 591 875 655 ἀνωθεν
907 596 1056 672 κατῆλθεν
1086 588 1135 651 έπὶ

120 692 242 772 Σόδομα
273 691 323 754 διὰ
350 693 405 772 τῆν
435 692 652 774 αἰσχρουργίαν.
698 689 842 765 ἐξελέξατο
871 689 941 770 μετά
967 689 1093 772 χρόνους
1118 685 1134 749 δ

121 790 190 864 θεὸς
220 790 272 852 τόν
296 786 427 872 Ἰσραήλ,
458 788 531 851 ἀλλὰ
562 789 613 851 καλ
645 781 732 861 οὗτος
763 789 926 871 διεστράφῆ
953 787 1003 848 καί
1031 785 1133 869 έτραυ-
1161 806 1176 855 τ,

120 889 259 968 ματίσθῆ.
304 887 509 967 ἀπεστάλησαν
537 896 688 970 προφῆται
716 886 786 966 μετδι
808 884 925 948 Μωσέα
951 891 1135 966 θεραπεῦσαι

120 995 234 1065 τοῦτον,
258 980 320 1047 ἀλλ’
347 986 550 1068 ίατρεόσαντες
570 984 765 1065 ἀπεθρήνουν
784 985 825 1064 μῆ
843 983 1063 1066 περιγενόμενοι
1081 991 1134 1044 τοῦ

120 1085 254 1165 πάθους,
287 1083 359 1145 ὥστε
386 1082 480 1166 λέγειν
509 1083 630 1155 αὐτούς·
663 1080 813 1144 ἀπόλωλεν
841 1081 969 1162 εὐλαβὴς
996 1079 1054 1141 ἀπὸ
1082 1089 1135 1159 τῆς

121 1191 185 1263 γῆς,
209 1181 259 1243 καί
277 1180 294 1244 δ
312 1187 470 1261 κατορθῶν
492 1180 525 1243 έν
544 1180 718 1260 ἀνθρώποις
736 1180 790 1260 οὐχ
808 1178 940 1260 ὑπάρχει,
975 1179 1038 1238 καί·
1060 1178 1134 1238 πάν·

118 1303 163 1354 τες
190 1278 356 1360 ἐξέκλιναν,
384 1279 444 1358 άμα
467 1277 685 1360 ῆχρειιόθῆσαν.
731 1277 786 1339 οάκ
809 1277 869 1339 έστι
893 1286 989 1338 ποιῶν
1011 1274 1133 1356 χρηστά·
1148 1295 1174 1334 ιο

119 1401 200 1457 τητα,
224 1377 280 1438 οὐκ
302 1377 380 1438 ἔστιν
403 1376 458 1450 ἕως
480 1375 554 1450 ἓνός.
592 1377 653 1436 καί·
678 1374 735 1458 ἀρδι
757 1374 807 1436 καί
829 1373 925 1453 κλοπὴ
948 1371 998 1433 καί
1021 1373 1134 1453 μοιχεία

119 1472 169 1534 καλ
192 1473 286 1552 φόνος
309 1470 426 1553 κέχυται
448 1472 497 1534 ἐπὶ
520 1483 572 1553 τῆς
594 1483 658 1554 γῆς.
694 1474 764 1546 τοὺς
786 1472 873 1545 υἱοὺς
896 1470 995 1532 αὐτῶν
1015 1469 1065 1531 καὶ
1083 1469 1134 1560 χάς

119 1569 284 1654 θυγατέρας
314 1570 429 1633 ἔθυσαν
456 1571 636 1650 δαιμονίοις,
669 1571 838 1644 οἰωνίζοντο
870 1568 921 1630 καί
948 1568 1134 1651 έφαρμακεό-

120 1691 196 1730 οντο.
237 1667 287 1730 καί
308 1667 408 1742 ἁπλῶς
431 1667 566 1750 μέγιστον
590 1660 629 1748 ῆν
647 1669 680 1731 τὸ
697 1677 813 1751 τραῦμα
831 1676 884 1748 τῆς
902 1665 1135 1748 ἀνθρωπότῆτος

119 1766 177 1830 ἀπὸ
205 1768 307 1829 ποδῶν
334 1766 389 1840 ἕως
415 1772 561 1847 κεφαλῆς,
591 1766 647 1829 οόκ
674 1758 713 1845 ῆν
736 1766 873 1847 μάλαγμα
896 1765 1045 1827 έπαθεῖναι
1067 1760 1134 1825 οίίτε
1148 1783 1173 1823 15

118 1865 217 1928 ἔλαιον
250 1863 317 1927 οίίτε
344 1863 552 1944 καταδέσμους.
598 1859 660 1926 εἶτα
686 1865 718 1926 οί
742 1872 894 1945 προφῆται
924 1863 1028 1934 δεινῶς
1059 1859 1134 1922 ἀπο-

118 1963 288 2042 κλαιόμενοι
319 1962 369 2024 καί
398 1962 579 2046 ἀποροῦντες
606 1961 718 2043 έλεγον·
746 1962 789 2034 τίς
817 1961 906 2021 δώσει
931 1958 963 2020 έκ
990 1958 1074 2019 Σιὼν
1101 1957 1133 2018 τὸ

118 2062 263 2143 σωτῆριον
295 2069 348 2122 τοῦ
376 2056 505 2142 Ἰσραῆλ;
537 2061 599 2122 καί·
632 2060 730 2141 κύριε,
765 2063 869 2119 κλῖνον
905 2055 1053 2136 οὐρανοὺς
1084 2055 1134 2116 καὶ

117 2160 283 2239 κατάβηθι,
315 2157 486 2239 ὑπερβαίνει
517 2156 572 2241 γάρ
605 2156 661 2236 τῆν
691 2153 834 2236 ῆμετέραν
865 2155 993 2235 λατρείαν
1019 2152 1056 2213 τὰ
1082 2162 1134 2231 τῆς

118 2254 354 2338 ἀνθρωπότῆτος
385 2255 544 2337 τραύματα.
589 2254 659 2326 τοὺς
689 2253 845 2335 προφῆτας
874 2269 929 2313 σου
961 2248 1134 2312 ἀπέκτειναν
1148 2273 1174 2311 20

118 2353 169 2415 καλ
191 2353 226 2414 τά
248 2353 447 2436 θυσιαστήριά
469 2371 524 2414 σου
547 2350 752 2431 κατέσκαψαν,
779 2349 829 2411 καί
852 2347 1038 2430 ἀδιόρθωτον
1061 2344 1134 2426 ἡμῖν

191 2523 207 2572 8
226 2517 320 2572 Μίολιο
335 2523 360 2586 7,
375 2522 399 2570 2.
418 2547 454 2557 -
472 2520 488 2568 9
507 2515 610 2569 Psalm.
626 2519 660 2568 13
675 2516 739 2584 (14),
754 2519 778 2568 3.
798 2544 833 2553 -
852 2517 884 2566 11
906 2511 1001 2566 Ηοιοα
1014 2517 1039 2578 4,
1054 2516 1079 2564 2.
1099 2542 1133 2548 —

119 2595 153 2644 12
172 2589 274 2644 Psalm.
293 2594 344 2642 105
359 2589 440 2658 (106),
455 2592 497 2640 37.
513 2619 547 2626 -
567 2586 649 2640 1311.
666 2585 764 2640 Ohxon.
781 2589 823 2652 33,
839 2590 863 2638 6.
879 2616 912 2624 -
933 2588 965 2637 17
980 2581 1083 2637 Psalm.
1100 2587 1132 2633 13

106 2663 222 2730 .(14)‚7.
243 2693 276 2701 -
298 2665 331 2714 18
349 2659 451 2713 Psalm.
468 2663 519 2712 143
534 2659 618 2729 (ιιι),
632 2663 657 2711 τ.

191 2784 356 2855 κατεχύθη
374 2782 438 2837 MP.
462 2815 496 2823 -
521 2789 545 2836 2.
561 2789 585 2836 3.
604 2781 656 2851 τῆν
678 2781 782 2851 πολλὴν
803 2789 860 2835 τῶν
884 2780 1045 2845 ἀνθρώπων
1067 2797 1131 2831 πον.

119 2856 200 2910 codd.
220 2861 331 2926 praeter
348 2853 499 2924 Amyn).
523 2886 558 2895 -
581 2860 596 2907 3
621 2856 760 2922 κατῆλθεν
783 2868 833 2906 om.
858 2851 938 2906 codd.
959 2856 1068 2919 praeter
1086 2848 1133 2900 AP

119 2927 211 2997 (Cyn).
244 2929 281 2982 Ικ
299 2928 400 2996 Βγοελ
418 2923 525 2994 σόδομα
544 2927 607 2980 add.
628 2923 738 2996 κατέβη.
759 2955 793 2964 -
816 2928 833 2976 4
852 2923 901 2976 καλ
919 2920 1058 2987 ἐξελέξατο
1076 2918 1131 2972 PV.

118 3031 154 3039 -
173 3004 189 3052 5
209 2993 337 3062 οὖτιοςΙι
363 2996 451 3061 οὕτως
468 2997 497 3050 P.
521 3028 557 3037 -
580 3002 595 3050 6
615 2995 726 3064 μωῦσέα
744 2993 874 3048 OFNRV
897 2991 1026 3062 μωΰσέως
1043 2991 1074 3043 Β.
1099 3021 1133 3029 -

118 3076 134 3123 9
155 3068 286 3141 ὑπάρχει]
307 3070 380 3124 ἔστιν
397 3067 486 3122 NRV.
506 3100 540 3108 —
561 3073 594 3122 12
614 3066 758 3138 ἐκκέχυται
777 3063 929 3118 CFLNRV
952 3060 1082 3132 έκκέχυτο
1100 3061 1132 3114 Β.

117 3173 154 3182 -
174 3145 207 3194 18
226 3144 322 3196 κλῖνον
341 3139 456 3207 κόριεΙεἸ
475 3138 554 3207 κόριε
573 3155 622 3193 ονε.
637 3138 670 3193 D.
691 3169 724 3179 -
744 3135 884 3203 οὐρανούς
902 3152 952 3189 σον
970 3131 1131 3186 BPPsalm.

192 3280 206 3327 7
226 3273 449 3344 περιγεϊνόμενοι
466 3274 488 3327 Ρ
512 3269 729 3343 (περιγινόμενοι
748 3269 829 3340 Cyn).
854 3300 888 3309 -
912 3273 928 3320 8
948 3267 985 3330 ὡς
1002 3264 1092 3335 λέγειν
1110 3265 1132 3317 Ρ

118 3347 181 3415 Oyr.
201 3378 236 3386 —
260 3346 363 3408 αὐτούς
380 3362 431 3402 om.
446 3345 475 3399 P.
500 3377 533 3385 -
558 3350 590 3399 11
611 3343 667 3411 ἀρα
685 3342 715 3396 Ρ.
740 3373 773 3381 -
797 3347 831 3394 15
853 3340 904 3394 οίικ
922 3333 958 3408 ῆν
976 3339 1052 3410 αὐτῷ
1071 3336 1132 3390 ὁλο-

117 3415 218 3487 κληρία
238 3419 289 3473 οὐκ
308 3411 344 3486 ἦν
362 3416 422 3487 μάλ.
439 3417 514 3472 ἐπιθ.
530 3415 623 3484 PCyr.
639 3447 673 3455 —
693 3418 726 3467 18
746 3415 814 3468 Post
824 3408 933 3478 Ἰσραήλ
951 3410 973 3462 Ρ
992 3410 1133 3464 φθάσαιεν

118 3489 194 3558 Cyn:
218 3489 267 3542 καὶ
285 3507 315 3558 γε
352 3487 430 3556 θῆτιο
449 3487 467 3556 ἡ
486 3485 545 3558 χείρ
565 3504 615 3540 σου
633 3486 712 3553 κόριε
731 3483 858 3551 έπάνδρα
877 3482 971 3546 δεξιᾶς
994 3480 1083 3550 (δεξιά
1100 3479 1132 3548 Ρ)

119 3578 171 3614 σου
190 3561 239 3613 καὶ
258 3559 304 3614 έπλ
316 3509 386 3615 ἀάὸν
405 3559 561 3626 ἀνθρώπου
581 3556 613 3613 ὃν
633 3552 823 3625 έκραταίωσας
842 3559 958 3625 σεαυτῷ,
975 3553 1024 3607 καὶ
1043 3552 1076 3605 οὐ
1095 3551 1132 3621 μὴ

118 3633 283 3699 ἀποστῶμεν
302 3631 359 3685 ἀπὸ
379 3639 429 3684 σου
448 3629 563 3702 [Ρεολιιι.
579 3634 612 3683 79
628 3631 692 3699 (80),
707 3632 754 3694 18;
769 3627 823 3698 19].

902 3713 954 3767 20*
