2617 3909
534 230 737 281 PRAEFATIO
1077 230 1143 279 LIII

120 380 215 458 igitur
239 380 303 438 sine
326 377 416 438 dnbio
434 382 520 438 retus
542 358 698 454 inscriptio
721 378 789 453 fuit,
813 397 890 453 quae
911 377 945 435 in
962 374 1023 437 Am
1035 376 1083 436 Ar
1096 377 1143 437 Po

122 470 288 528 invenitur:
307 466 458 547 Χρονικὸν
477 466 625 545 σύντομον
639 464 672 527 ἐκ
686 466 841 546 διαφόρων
859 465 1074 547 χρονογροίφων
1092 463 1143 525 τοὶ

121 556 273 637 ἐξηγητῶν
290 552 428 635 callepio
446 553 496 615 acl
511 552 654 616 συντεθὲν
675 551 679 635 Ι
700 554 759 615 ὑπὸ
776 556 920 636 propylon
938 562 1071 634 μοναχοῦ
1089 562 1142 615 τοῦ

121 644 267 726 συγτέλον
284 637 287 727 l
304 645 470 724 προοίμιον.
508 645 632 704 Librum
650 665 745 721 usque
764 646 803 704 ad
820 645 927 704 folium
947 646 1024 704 376ῙΓ
1040 644 1143 703 eadem

119 754 227 795 manus
242 737 370 812 scripsit,
390 754 409 793 a
421 734 519 794 verbis
534 735 653 795 demum
668 733 797 813 χρώματι
810 731 843 794 ol
856 738 896 816 τῷ
907 730 1014 815 βενέτῳ
1028 754 1056 809 p.
1069 735 1143 808 707,

122 827 164 883 24
188 824 234 883 ed,
253 824 329 883 Mur.
355 824 428 899 alia,
457 843 533 900 quae
555 824 676 883 videtur
703 825 795 882 etiam
817 823 1042 899 inscriptionem
1065 841 1143 881 nunc

118 914 209 973 initio
232 914 364 990 positam
391 916 422 971 et
443 914 554 973 multas
582 913 614 970 in
636 916 722 972 textu
743 912 952 988 inscriptiones
975 912 1143 971 confecisse.

120 1002 251 1062 Videtur
269 1004 365 1080 igitur
382 1003 456 1062 haec
474 1002 585 1061 librum
602 1020 697 1077 nsque
716 1020 750 1061 eo
768 1002 909 1060 mutilum
928 1002 989 1060 alio
1007 1000 1143 1059 adhibito

121 1093 258 1167 exemplo
281 1091 466 1168 supplevisse
490 1094 520 1151 et
544 1110 579 1149 ex
598 1090 743 1166 ampliore
761 1092 966 1166 inscriptione,
989 1090 1088 1166 qualis
1110 1092 1144 1149 in

119 1180 168 1240 Ar
191 1185 223 1240 et
245 1182 291 1239 Po
315 1184 384 1241 ante
408 1183 542 1257 capitum
560 1180 691 1239 indicem
710 1182 816 1253 exstat,
840 1182 1000 1257 genuinam
1018 1179 1143 1255 inscrip-

119 1272 248 1346 tionem,
275 1273 392 1330 mutato
416 1289 573 1346 perperam
601 1270 755 1345 scriptoris
777 1270 912 1342 nomme,
939 1268 1143 1343 interpolasse.

122 1360 206 1429 Quae
224 1381 253 1436 p.
267 1362 370 1434 43,11
392 1362 490 1419 exstat
509 1358 637 1419 secunda
654 1360 811 1434 inscriptio
829 1365 882 1417 τοῦ
896 1355 989 1417 αὐτοῦ
1000 1349 1144 1415 Ἰωάννου

122 1456 258 1528 μοναχοῦ
281 1456 334 1509 τοῦ
355 1447 532 1508 συκελιώτον
556 1449 628 1507 olim
651 1448 755 1506 eadem
777 1448 837 1505 fuit
860 1446 987 1522 quaein
1005 1445 1144 1506 affinibus

120 1538 209 1597 libris
231 1545 285 1597 τοῦ
308 1535 401 1597 αὐτοῦ
425 1536 574 1617 Γεωρηίου
598 1544 729 1615 μοναχοῦ
756 1534 807 1595 aul
829 1532 981 1615 σογτέλου.
1026 1536 1144 1593 Pariter

122 1628 215 1703 atque
237 1625 298 1685 Am
321 1630 352 1685 et
374 1627 419 1685 Pa
441 1626 518 1685 liber
544 1627 577 1685 in
600 1626 722 1703 genuini
745 1626 876 1685 chronici
903 1624 961 1684 fine
989 1624 1089 1684 deficit
1114 1626 1145 1683 et

121 1715 324 1793 subscriptum
351 1718 397 1775 est
423 1712 478 1787 ἕως
502 1704 573 1796 (ὧδε
596 1708 694 1796 deest)
721 1711 757 1773 τὰ
779 1711 900 1794 χρονικὰ
922 1713 1066 1793 propylon
1094 1710 1144 1772 aot

122 1812 177 1865 τοῦ
196 1799 367 1885 λογοθέτον.
409 1805 520 1865 Tantus
538 1805 618 1863 idem
636 1806 698 1863 fere
717 1807 763 1863 est
781 1806 835 1881 qui
853 1804 923 1863 libri
941 1804 999 1877 Pa,
1018 1804 1144 1862 lacunae

121 1896 279 1970 utriusque
301 1894 372 1953 libri
394 1912 516 1969 prorsus
540 1896 737 1968 consentiunt,
764 1895 824 1953 nisi
850 1893 930 1969 quod
958 1895 990 1951 in
1013 1891 1142 1951 secunda

121 1987 223 2043 textus
246 1984 354 2043 lacuna
377 1983 522 2059 reliquiae
544 1983 577 2040 in
607 1984 652 2041 Vc
675 1984 719 2043 sic
740 1985 1015 2058 repraesentantur:

236 2106 288 2167 τὸν
311 2115 459 2185 πεσοῦοης
512 2098 516 2107 ’
710 2102 781 2184 titel
805 2104 840 2164 τὰ
863 2105 1033 2186 πρωτότοκα

237 2201 299 2256 θεῶ
322 2201 397 2256 acte
716 2191 736 2272 ἣ
760 2192 905 2271 φίλοιῦτὸν
928 2191 1034 2253 ἑαυτὸν

237 2286 360 2363 συνίστη
814 2280 887 2363 ρὲως
910 2280 1034 2363 ττροσεδὲ

237 2379 307 2453 χθη.
344 2373 430 2434 τοῦδε
453 2372 467 2434 ἐ
743 2370 842 2445 λέντος
865 2369 1034 2453 οὐρανόθεν

241 2462 334 2543 πυρὸς
356 2462 398 2536 εἰς
421 2485 476 2540 την
874 2460 921 2521 διὸ
944 2458 994 2521 καὶ
1017 2457 1033 2520 ὁ

239 2551 308 2612 κάϊν
332 2552 471 2633 ζηλώοοτςΙ
486 2548 542 2611 ἀπε

239 2646 304 2713 θοις
329 2640 381 2701 τὸν
404 2640 479 2703 θεὸν
502 2639 637 2719 οἰόμενος

240 2729 274 2790 τὰ
298 2730 565 2811 πρωτογεννήμοττοι

242 2818 297 2899 γὰρ
320 2818 370 2879 καὶ
394 2818 407 2879 ἒ

193 2945 230 3003 In
253 2945 343 3003 tertio
366 2963 455 3003 versu
478 2944 510 3002 in
531 2944 631 3003 codice
655 2944 817 3019 archetypo
840 2943 1019 3002 vocabulum
1042 2937 1150 3020 ρέοεοος

124 3036 275 3095 exstitisse
295 3033 501 3109 compendiose
525 3036 670 3109 scriptum
688 3034 822 3108 apparet.
861 3031 994 3108 Scriptor
1012 3030 1083 3088 libri
1101 3030 1147 3088 Pa

123 3122 336 3199 compendium
353 3125 490 3181 imitatus
510 3124 564 3198 est,
587 3124 715 3198 scriptor
732 3121 804 3179 libri
828 3122 886 3196 Va,
907 3140 975 3179 cum
992 3118 1068 3178 illud
1086 3138 1148 3177 non

122 3212 331 3286 intellexisset,
353 3230 491 3287 perverse
514 3208 587 3290 ρέως
610 3212 737 3288 scripsit.

193 3313 398 3381 Monacensis
421 3330 561 3398 graccis
584 3308 659 3391 414,
689 3318 762 3377 olim
788 3317 998 3394 Augustanus,
1029 3315 1146 3374 charm-

124 3427 196 3469 ceus
221 3411 266 3467 est
289 3408 402 3467 saeculi
419 3406 500 3481 XVI,
522 3407 665 3467 foliorum
688 3425 812 3465 numero
833 3406 907 3480 276,
929 3424 962 3463 re
980 3423 1052 3463 vera
1072 3405 1150 3463 293..

126 3497 206 3558 Sunt
236 3498 316 3557 enim
345 3500 415 3557 ante
443 3496 551 3555 folium
577 3500 593 3554 1
624 3514 675 3555 sex
702 3495 777 3555 folia
803 3492 948 3570 praefixa,
978 3492 1152 3569 postposita.

125 3589 197 3665 post
219 3586 326 3646 folium
351 3588 369 3645 8
394 3586 462 3661 duo,
489 3588 558 3662 post
583 3586 646 3643 259
672 3585 740 3659 duo,
763 3585 832 3659 post
856 3582 918 3639 276
948 3585 1063 3656 septem
1087 3598 1146 3637 non
