2617 3909
536 225 739 277 PRAEFATIO
1056 228 1147 277 LXIII

124 376 199 435 locis
223 376 354 435 mutavit
376 375 425 433 vel
447 376 610 448 contraxit,
637 376 692 433 aut
713 375 778 451 ipse
801 374 830 432 P
849 393 885 434 ex
905 375 960 433 illo
983 375 1029 433 ita
1050 374 1147 450 fluxit,

124 466 160 523 ut
182 463 325 523 librarius
353 464 532 539 scriptorum
556 483 574 523 a
597 462 727 541 Georgio
754 463 945 523 laudatorum
970 465 1146 539 operatore

125 552 227 613 omnia
250 552 348 613 denuo
377 554 561 613 examinaret
583 572 618 612 ex
644 554 742 628 iisque
766 550 888 631 Georgii
910 556 1026 612 textum
1048 572 1145 613 emen-

125 642 225 717 daret,
257 642 352 701 veluti
383 642 497 701 factum
530 660 592 701 esse
620 642 652 699 in
680 641 831 701 codicibus
855 642 883 700 R
910 641 948 701 iis
975 642 1060 717 locis,
1094 644 1146 717 qui

124 753 152 809 p.
174 733 386 807 302‚12sqq.
411 750 446 789 ex
470 730 583 809 Gyrillo
607 730 881 807 Hierosolymitauo
905 734 936 790 et
958 732 1145 792 Theodoreto

125 822 258 896 excerpti
281 822 360 895 sunt,
383 838 473 897 supra
495 820 564 881 dixi.
601 820 745 899 Magnum
763 821 864 880 autem
886 820 1020 881 locorum
1042 821 1145 881 lauda-

123 912 227 969 torum
254 910 303 969 vel
333 912 538 985 excerptorum
570 928 727 969 numemm
756 911 807 968 vix
839 910 999 985 quisquam
1026 913 1147 987 poterat

126 1000 308 1073 examinare,
330 1000 506 1073 praesertim
533 1017 600 1059 cum
624 996 770 1076 Georgius
797 999 894 1059 fontes
921 1019 1028 1075 parum
1050 1002 1145 1061 mani·

115 1089 202 1149 ,festo
235 1086 390 1165 significet.
447 1088 505 1158 Qui
537 1087 658 1163 quidem
689 1106 757 1147 cum
788 1090 886 1163 operis
917 1089 1041 1147 titulum
1067 1108 1145 1164 raro,

5 1206 7 1223 2
61 1238 64 1257 ¹
117 1178 228 1255 paullo
252 1178 370 1253 saepius
389 1177 542 1253 scriptoris
565 1195 675 1236 nomen
692 1179 964 1251 commemorasset,
988 1179 1054 1253 quis
1078 1180 1145 1237 erat

124 1268 213 1325 tanta
237 1266 373 1325 doctrina
396 1264 539 1340 eruditus,
562 1268 597 1325 ut
620 1284 721 1325 omnes
744 1266 813 1325 illos
835 1266 916 1325 locos
939 1266 1143 1344 investigaret.

123 1354 251 1417 Accedit
273 1355 354 1431 quod
376 1355 428 1413 ille
449 1374 519 1414 raro
542 1354 666 1416 verbum
689 1374 704 1414 e
723 1354 814 1414 verbo
836 1356 937 1414 textus
959 1355 1071 1429 reddit,
1093 1356 1146 1414 sed

125 1446 303 1522 plerumque
321 1446 526 1521 repraesentat
543 1444 743 1503 multifariam
760 1446 903 1518 mutatos,
926 1462 1014 1520 saepe
1032 1446 1065 1503 in
1083 1446 1144 1520 epi-

116 1538 225 1595 tomae
247 1534 376 1595 formam
397 1534 502 1611 magni
529 1533 660 1593 ambitus
686 1534 768 1593 locos
794 1533 906 1611 redigit
928 1534 977 1591 vel
1006 1536 1144 1593 centones

125 1644 160 1683 ex
184 1622 311 1685 diversis
339 1622 525 1682 diversorum
553 1623 734 1699 scriptorum
761 1622 834 1683 locis
862 1623 1012 1699 compilet.
1059 1622 1144 1692 Quod

120 1732 192 1775 ,cum
223 1714 269 1771 ita
301 1714 342 1773 sit
373 1731 434 1771 non
460 1712 558 1771 solum
590 1710 712 1771 difficile
745 1713 790 1771 est
821 1714 874 1787 qui
904 1711 1018 1771 fuerint
1046 1713 1144 1771 fontes

124 1820 310 1880 cognoscere,
332 1801 384 1861 sed
407 1800 499 1861 etiam
522 1802 656 1860 locorum
676 1800 869 1860 laudatorum
890 1802 991 1861 textus
1012 1803 1045 1859 in
1067 1803 1144 1860 inte·

124 1912 212 1969 grum
238 1890 359 1950 restitui
387 1892 438 1949 vix
464 1892 571 1966 potest.
617 1889 696 1948 Sunt
722 1893 824 1949 autem
851 1891 952 1949 omnia
978 1890 1040 1949 iere
1062 1891 1095 1947 in
1117 1890 1147 1949 P

124 1980 229 2039 eodem
260 1980 349 2039 modo
378 1981 499 2055 quoin
530 1979 654 2055 reliquis
677 1978 769 2038 libris
797 1980 976 2054 retractata,
1007 1979 1144 2056 singulae
1180 2021 1182 2027 .

123 2071 245 2129 tantum
267 2070 299 2127 in
323 2088 357 2129 eo
380 2070 444 2129 solo
468 2070 586 2129 exstant
608 2068 745 2127 meliores
768 2068 917 2128 lectiones.
963 2067 1026 2127 Has
1048 2070 1145 2145 igitur

124 2178 184 2219 non
207 2158 310 2236 magni
331 2158 477 2217 momenti
499 2157 640 2217 lectiones
659 2159 695 2216 ut
717 2157 920 2233 expiscaretur
941 2146 1143 2231 percensuisse

124 2251 295 2307 innumeros
309 2248 489 2323 scriptorum
502 2246 769 2306 ecclesiasticorum
782 2246 874 2305 libros
889 2245 999 2305 codicis
1013 2245 1042 2303 P
1051 2244 1143 2304 libra-

123 2339 186 2397 rius
204 2337 327 2395 minime
345 2336 497 2413 putandus
516 2338 569 2395 est.
610 2335 691 2395 Ante
714 2336 810 2413 igitur
828 2334 959 2394 codicem
978 2336 1143 2393 ceterorum

123 2426 270 2485 librorum
306 2426 503 2501 archetypum
533 2425 563 2483 P
595 2424 740 2500 scriptum
770 2426 863 2483 fuisse
895 2425 1025 2499 constat,
1062 2426 1093 2484 et
1125 2444 1143 2483 a

124 2515 270 2592 scriptore
293 2514 448 2590 archetypi
470 2514 552 2573 illius
575 2514 620 2574 ita
639 2531 792 2573 excussum
816 2530 888 2587 esse,
905 2516 941 2571 ut
962 2514 1043 2573 locos
1064 2515 1098 2573 in
1116 2514 1146 2573 P

124 2606 279 2681 excerptos
296 2604 362 2679 ipse
386 2622 504 2679 quoque
522 2603 560 2663 ad
578 2603 736 2663 libidinem
754 2602 828 2663 adeo
850 2604 990 2677 mutaret,
1013 2605 1048 2663 ut
1064 2622 1144 2662 nunc

124 2696 217 2755 etiam
238 2692 357 2772 longius
376 2712 467 2769 quam
490 2693 522 2751 in
539 2693 570 2751 P
588 2712 607 2751 a
624 2692 756 2753 fontium
773 2693 859 2751 textu
876 2692 909 2750 iu
926 2693 1033 2752 ceteris
1057 2692 1141 2751 libris

124 2782 233 2843 absint.

190 2872 294 2946 Neque
318 2870 407 2931 aliter
429 2871 465 2929 de
483 2870 629 2929 librorum
651 2869 868 2930 necessitudine
890 2869 1097 2946 iudicabimus,
1116 2872 1143 2928 si

123 2960 273 3037 quomodo
295 2960 327 3017 in
349 2960 429 3020 Pet
450 2959 575 3036 reliquis
598 2958 749 3019 codicibus
771 2960 855 3035 ipsae
877 2978 924 3019 res
948 2959 1142 3018 exhibeantur

123 3049 348 3111 attenderimus.
394 3048 431 3107 In
454 3067 512 3125 quo
536 3066 632 3125 pauca
654 3049 774 3107 tantum
796 3067 907 3124 ponam
929 3048 1073 3122 exempla.

190 3139 293 3213 Atque
322 3138 353 3195 in
387 3138 524 3197 omnibus
556 3137 642 3197 libris
674 3140 794 3196 exstant
825 3137 883 3197 duo
916 3136 1075 3212 ampliores
1105 3136 1141 3195 de

124 3226 306 3287 Graecorum
328 3227 501 3287 idololatria
520 3246 658 3287 excursus
681 3246 710 3303 p.
730 3228 782 3301 58,
802 3228 821 3287 5
845 3225 997 3302 usquead
1018 3227 1069 3299 92,
1090 3228 1141 3300 10,

123 3338 159 3377 ex
189 3316 352 3379 Athanasii
383 3318 413 3375 et
445 3315 624 3375 Theodoreti
654 3315 739 3375 libris
771 3318 817 3375 ita
844 3314 987 3389 excerpti,
1019 3317 1055 3373 ut
1081 3334 1142 3373 non

121 3408 257 3483 ipsarum
280 3405 496 3489 cogitationum
520 3404 591 3464 ordo
615 3406 798 3479 servaretur,
825 3404 877 3463 sed
904 3405 989 3463 varia
1012 3404 1142 3462 frustula

121 3496 192 3555 hino
218 3494 304 3555 illino
335 3494 512 3570 deprompta
541 3495 763 3569 perversissime
791 3493 1059 3552 commiscerentur.
1105 3492 1141 3552 Iu

122 3585 185 3647 solo
209 3584 239 3642 P
262 3585 397 3659 sequitur
423 3585 544 3658 tertius,
577 3602 637 3659 quo
666 3582 769 3641 eadem
796 3581 917 3640 omnino
943 3582 1141 3656 exponuntur,
