2617 3909
157 219 199 284 14
464 223 650 275 ΓΕΩΡΙῚΟΤ
668 221 850 274 ΜΟΝΑΧΟΤ

155 368 205 430 καί
227 365 287 449 μετ’
308 370 414 451 ἔρωτος
436 379 562 451 τερπνοῦ
585 369 830 449 ἐπολιτευσάμην,
857 367 995 430 παθόντα
1018 367 1049 430 δέ
1072 369 1166 432 πολλὰ

68 491 94 531 ιο
107 489 139 529 Μ.
154 467 204 529 καί
227 466 311 548 όλβια
334 467 430 528 πάντα
452 466 606 529 λέλειπται-
639 467 689 530 καί
706 466 762 550 γὰρ
781 477 839 530 νῦν
857 468 968 541 σποδός
986 467 1047 546 εἶμι
1065 469 1165 529 Νίνου

155 566 281 647 μεγάλης
312 567 495 645 βασιλεύσας.
542 561 604 626 ἀλλ’
635 557 691 627 οὖν
717 588 750 648 γε
781 566 901 643 ψευδῶς
933 566 964 627 οί
988 564 1166 647 μεγραφότες

154 662 326 744 ἐπέγραψαν
347 672 433 724 τοῦτο
456 663 581 737 πάντως.
627 663 664 725 οδ
686 663 742 745 γὰρ
769 663 825 743 ἔχει
852 659 868 723 δ
891 664 1063 743 τελευτήσας
1091 663 1165 745 άπερ

127 760 244 841 οέφαγε
266 759 316 821 καί
338 760 429 840 ἔπιεν,
451 755 515 822 ἀλλ’
536 762 578 834 είς
595 762 651 841 τήν
669 762 790 841 δυσώδη
809 760 931 842 φθορὰν
949 759 1046 822 ἐκεῖνα
1068 761 1165 822 πάντα

153 857 324 938 κεχώρηκεν.
369 858 426 940 ἔχει
454 857 487 921 δέ
515 858 608 938 μόνον
635 868 689 920 τοῦ
711 858 886 940 παρανόμου
914 859 983 939 βίου
1010 858 1065 937 τήν
1093 860 1164 920 δυσ-

157 955 279 1036 υδμίαν,
307 957 373 1035 ήτις
396 957 539 1036 διηνεκῶς
552 957 616 1036 ,τήν
636 956 759 1036 ἐμπαθῆ
782 955 832 1018 καὶ
854 955 965 1018 ἀθλίαν
986 957 1090 1037 ψυχήν
1113 955 1164 1018 ἀλ·

152 1053 235 1134 γάνει
262 1052 312 1114 καὶ
338 1053 409 1138 ἀνιᾷ
441 1055 614 1117 συνειδυῖαν
640 1053 730 1139 έαυτή
760 1054 796 1115 τὰ
822 1055 944 1126 κάκιστα
973 1053 1035 1116 καὶ·
1053 1076 1164 1134 μεμνη-
1215 1072 1217 1077 ·

152 1150 246 1230 μένην
269 1143 312 1213 ὧν
334 1152 513 1234 παρανόμως
534 1152 586 1214 καὶ
607 1151 774 1226 ἀκολάστως
797 1150 813 1212 δ
836 1151 923 1225 τάλας
945 1151 1106 1234 εἰργάσατο.

113 1336 139 1375 10
465 1309 519 1394 [η’.
552 1311 640 1395 Περὶ
664 1307 852 1394 Περσέως]

219 1428 307 1490 Μετὰ
338 1426 370 1489 δέ
401 1428 656 1509 Σαρδανάπαλλον
686 1427 853 1509 ἐβασίλευσε
885 1428 1018 1508 Περσεὺς
1052 1426 1067 1489 δ
1097 1427 1164 1502 υίὸς

152 1526 260 1604 Πήκου
287 1534 340 1587 τοῦ
367 1525 416 1586 καί
439 1525 526 1606 Διός,
554 1525 587 1599 ὅς
613 1549 664 1608 με.
672 1525 839 1605 πολεμήσας
866 1524 916 1587 καλ
942 1526 1066 1604 νικήσας
1093 1525 1164 1599 τοὺς

150 1624 311 1696 Λυκάονας
340 1622 390 1684 καί
421 1624 508 1686 πόλιν
539 1625 639 1697 κτίσας
667 1623 732 1686 ἐκεῖ
757 1623 806 1684 καὶ
833 1623 888 1703 τήν
915 1623 1022 1685 ἑαυτοῦ
1052 1623 1164 1703 στήλην

151 1721 259 1800 στήσας
281 1719 414 1805 ἐκάλεσεν
437 1720 532 1800 αὐτήν
554 1720 698 1783 Είκόνιον
721 1721 753 1783 ἐκ
775 1729 828 1782 τοῦ
852 1721 931 1783 ἰδίου
953 1719 1163 1799 άπεικονίσμα-

111 1841 136 1883 το
150 1839 207 1891 τος.
244 1816 392 1891 δποτάξας
415 1816 447 1880 δέ
469 1816 519 1878 καί
539 1817 590 1891 τὰς
608 1816 697 1892 άλλας
714 1819 810 1900 χώρας
833 1817 883 1880 καὶ
905 1819 980 1900 πρὸς
998 1819 1052 1899 τήν
1067 1814 1163 1879 Ἰσαυ-

150 1917 218 1996 ρίαν
239 1915 290 1976 καί
311 1917 450 1977 Κιλικίαν
472 1914 570 1978 ἐλθδον
592 1915 642 1977 καί
665 1913 723 1979 ἀπὸ
746 1925 799 1978 τοῦ
823 1917 916 1978 ῗππου
939 1916 1090 1978 κατελθὼν
1113 1915 1163 1978 καί

150 2012 245 2091 πήξας
271 2013 323 2074 τὸν
349 2015 457 2096 ταρσὸν
484 2023 537 2075 τοῦ
565 2013 659 2088 ποδὸς
685 2013 717 2076 ἐν
744 2021 779 2099 τή
807 2023 856 2098 μή,
887 2012 919 2075 έν
947 2002 967 2100 ή
999 2012 1048 2076 καλ
1076 2013 1163 2075 πόλιν

150 2112 249 2184 κτίσας
280 2110 469 2191 ἐπωνόμασεν
501 2111 596 2192 αὐτὴν
628 2112 743 2192 Ταρσὸν
777 2111 808 2172 ἐκ
835 2121 888 2173 τοῦ
920 2111 1039 2173 οἰκείου.
1060 2111 1161 2186 ποδός.

150 2208 199 2270 καί
223 2207 353 2291 ὁρμήσας
375 2210 450 2271 κατὰ
469 2206 632 2292 Ἀσσυρίων
659 2207 708 2269 καί
731 2209 986 2289 Σαρδανάπαλλον
1013 2209 1162 2286 φονεόσας

110 2331 136 2370 το
149 2305 272 2381 ὑπέταξε
299 2307 349 2368 καί
377 2306 561 2388 ἐβασίλευσεν
584 2305 683 2368 αὐτῶν
711 2305 760 2386 ἐτη
783 2304 841 2388 νμ’.
887 2303 921 2380 δς
947 2305 998 2368 καί
1026 2301 1071 2368 ἐπ’
1093 2304 1162 2368 ὀνό-

150 2428 218 2484 ματι
240 2404 332 2466 αὑτοῦ
350 2403 469 2487 Πέρσας
491 2404 624 2466 ἐκάλεσεν
647 2403 756 2476 αὐτοὺς
779 2403 960 2483 ἀφελόμενος
982 2403 1040 2468 ἀπὸ
1057 2400 1161 2465 Ἀσσυ-

149 2494 221 2584 ρίων
248 2502 303 2580 τήν
330 2525 359 2563 τε
387 2503 537 2582 βασιλείαν
568 2501 619 2562 καί
645 2500 701 2580 τήν
728 2503 937 2584 προσηγορίαν.
983 2501 1096 2576 ἐδίδαξε
1129 2500 1161 2564 δέ

149 2598 257 2672 αὐτοὺς
279 2597 329 2660 καί
351 2600 406 2678 τήν
425 2599 560 2681 μυσαρὰν
582 2598 699 2679 τελετήν
721 2597 770 2661 καί
792 2600 915 2682 μαγείαν
932 2610 986 2680 τῆς
1003 2597 1161 2682 λεγομένης

149 2697 333 2776 Μηδοόσης,
361 2695 390 2770 ἐξ
413 2688 450 2775 ής
472 2695 522 2757 καί
544 2698 599 2776 τήν
621 2697 718 2778 χώραν
741 2698 840 2760 αὐτῶν
862 2694 995 2776 ὠνόμασε
1018 2698 1160 2777 Μηδείαν

220 2856 288 2904 11-
290 2867 319 2920 μ.
328 2856 390 2918 15,1
401 2849 467 2904 Mal.
475 2851 515 2905 τά.
523 2850 603 2905 Bonn
610 2855 689 2928 ποθ,
696 2858 788 2921 Πεςρ.
799 2852 833 2918 cf.
839 2850 1058 2922 Cedren.1p.40,
1066 2857 1158 2922 14οςς.

219 2981 236 3034 6
254 2972 343 3045 μόνον
356 2974 406 3029 BV
420 2991 470 3030 om.
483 2973 516 3029 R.
531 3006 565 3014 -
580 2976 736 3045 δυσοδμίαν
751 2973 855 3029 AcNP
869 2974 950 3030 Exco.
967 2976 1121 3044 δυσοσμίαν
1135 2974 1160 3029 G

148 3046 251 3101 Theod.
272 3046 414 3101 δυσωδίαν
428 3048 514 3116 (δυσσ.
524 3046 586 3116 BL)
595 3044 731 3100 BFLRV.
747 3078 780 3086 —
796 3051 812 3101 8
826 3044 986 3117 μεμνημένη
1001 3045 1047 3101 ΔΟ
1053 3045 1157 3101 LNPR.

147 3135 181 3172 m.
195 3121 215 3172 2
232 3133 301 3174 οοιτ.
320 3119 352 3171 in
369 3117 398 3171 L.
419 3150 453 3158 -
473 3122 507 3171 14
525 3116 632 3173 ίκόνιον
650 3115 788 3173 FGLRV.
808 3149 841 3158 -
862 3123 895 3172 16
913 3117 964 3180 τάς
979 3135 1029 3174 ουτ.
1045 3116 1103 3172 DL.
1124 3149 1158 3158 -

149 3195 181 3243 16
200 3189 249 3244 καί
263 3189 519 3244 άπὸ-κατελθὼν
533 3205 583 3244 om.
600 3186 657 3244 OG.
673 3220 707 3228 —
723 3193 755 3243 18
775 3187 850 3243 ίδίου
863 3189 918 3244 ΡΒ.
935 3221 968 3231 -
984 3194 1019 3242 20
1033 3189 1081 3243 καί
1094 3195 1159 3244 οπλα

148 3256 194 3315 ἐπ’
214 3276 264 3315 om.
284 3260 318 3324 N,
343 3292 376 3300 —
401 3266 435 3314 24
454 3258 580 3330 ὠνόμασε
590 3259 649 3384 Ιήδν.
670 3259 728 3330 AP)
746 3258 851 3313 ABGP
879 3260 1040 3332 ἐπωνόμασε
1059 3257 1158 3313 GFRV

148 3327 260 3386 ἐκάλεσε
278 3331 305 3385 N
319 3331 385 3386 Mal.
406 3363 439 3372 —
458 3333 577 3402 μηδείαν
614 3330 671 3384 GN
689 3338 715 3387 et
730 3335 762 3386 αλ
780 3331 834 3386 ολδ.
848 3349 890 3402 pr.
905 3349 938 3386 m.
954 3331 976 3386 L
995 3332 1113 3401 μυδεῖαν
1132 3331 1158 3383 Α

147 3400 266 3472 μήδειαν
284 3402 412 3458 BCPRV
434 3405 539 3473 μηδίαν
557 3402 579 3455 L
598 3420 631 3457 m.
645 3405 673 3457 2.

219 3532 233 3579 1
252 3525 368 3593 τερπνέο
386 3525 520 3582 παθόντα
537 3527 569 3582 δέ
587 3526 610 3580 Ρ
632 3523 729 3596 τέρπν’
748 3525 867 3582 ἔπαθον.
893 3526 928 3581 τδι
946 3527 977 3581 δὲ
997 3525 1101 3581 Theod.
1122 3557 1156 3566 -

147 3605 163 3653 5
181 3597 275 3652 πάντα
293 3615 343 3653 ουτ.
358 3599 380 3652 Ρ
395 3599 500 3653 Theod.
