2617 3909
187 215 253 280 368
501 217 688 270 ΓΕΩΡΓΙΟΤ
706 219 889 271 MONAXOT

188 363 367 444 ὀφθαλμοὺς
388 360 468 445 είχον
490 363 655 446 ἀνεωγότας
678 364 727 427 κοιλ
751 364 907 446 βλέποντες
929 359 1007 446 ἦσαν
1031 367 1100 429 ὅτε
1115 361 1212 447 Ἀδὰμ

187 463 237 526 καλ
260 461 279 543 ἡ
302 461 385 543 ἀλλα,
413 463 506 544 δῆλον
528 463 680 524 ἐντεῦθεν·
708 458 768 526 εἶδε
790 465 860 546 γάρ,
884 467 993 545 φησίν,
1016 462 1036 544 ἡ
1060 467 1143 547 γυνὴ
1168 468 1211 528 δτι
1267 479 1268 572 ρ

187 564 278 626 καλὸν
310 561 342 623 τὸ
375 562 464 634 ξύλον
495 562 538 637 εἷς
569 566 681 645 βρῶσιν
713 561 763 624 καλ
794 559 917 643 ἀρεστὸν
943 568 1006 636 τοῖς
1034 560 1210 643 ὀφθαλμοῖς

188 662 264 722 ἰδεῖν
285 659 336 722 καλ
358 658 469 742 ὡραῖον
491 670 545 722 τοῦ
566 671 761 741 κατανοῆσαι,
784 659 835 722 καλ
857 662 990 740 λαβοῦσα
1011 669 1066 722 τοῦ
1090 673 1209 742 καρποῦ

161 759 280 822 σοιἰτοῦ
304 757 394 840 ἔφαγε
416 758 467 821 καλ
489 759 579 820 ἔδωκε
602 766 642 843 τῷ
661 757 748 840 ἀνδρλ
767 758 860 838 αὐτῆς
878 751 940 838 μετ’
961 758 1063 839 αὐτῆς.
1107 761 1137 822 εί
1155 752 1208 822 οὗν

86 872 126 912 2⁷¹
140 872 173 912 Μ.
186 857 278 919 καλὸν
300 857 482 936 θεασάμενοι
499 856 532 919 εδ
551 856 677 938 δένδρον
694 855 745 918 καί
763 857 815 919 τὸν
833 857 948 939 καρπὸν
966 857 1094 938 ἔφαγον,
1118 856 1208 937 εὔδη-

186 962 239 1016 λον
262 956 308 1018 ὅτι
329 953 380 1016 καλ
402 955 460 1037 πρὸ
482 964 536 1034 τῆς
557 963 611 1016 τοῦ
630 964 749 1036 καρποῦ
767 955 904 1037 βρώσεως
921 965 1033 1036 γνῶσιν
1052 954 1110 1034 μὲν
1128 951 1207 1038 εἶχον

187 1059 278 1116 καλοῦ
306 1077 336 1115 τε
362 1052 413 1114 καί
439 1062 548 1132 κακοῦ,
577 1051 651 1130 ὄψιν
674 1050 706 1114 δέ
729 1051 977 1135 ὀξυδερκεστάτην
999 1051 1075 1136 δρῦν
1099 1053 1207 1116 ἕκαστα
1269 1067 1270 1108 3

187 1150 366 1231 δυναμένην.
404 1151 516 1212 οὐκοῦν
538 1150 593 1232 οὐχ
615 1149 657 1224 ὡς
675 1149 746 1230 μετδι
763 1152 818 1231 τὴν
836 1153 948 1232 βρῶσιν
966 1150 1092 1232 κοίτην
1110 1154 1206 1234 παρά·

147 1275 173 1314 ιο
187 1253 275 1331 βασιν
306 1248 541 1329 ἀνάβλεψάντων
572 1250 686 1331 εἴρηται
718 1248 763 1310 τό·
800 1251 1019 1330 διηνοίχθησαν
1047 1249 1152 1311 αὐτῶν
1179 1253 1208 1312 ολ

187 1347 399 1428 ὀφθαλμοί-
413 1348 581 1409 δείκνυνται
603 1345 659 1429 γὰρ
682 1346 732 1408 καλ
755 1346 812 1428 πρὸ
835 1357 888 1428 τῆς
910 1348 1048 1428 βρώσεως
1066 1347 1205 1431 ὁρῶντες,
1270 1379 1271 1426 ι

68 1509 79 1528 .
187 1445 227 1521 ὡς
254 1446 333 1525 ἔφην
355 1479 399 1488 -
421 1440 484 1506 ἀλλ’
511 1444 551 1518 ὡς
577 1444 610 1506 τὸ
637 1444 834 1527 ἀπειρόκακον
856 1444 1055 1525 ἀποθεμένων
1078 1446 1131 1506 δεδι
1154 1457 1205 1526 τῆς

186 1545 390 1624 παραβάσεως,
408 1540 425 1605 δ
443 1542 494 1604 καί
511 1544 566 1622 τὴν
584 1553 695 1624 γνῶσιν
713 1543 905 1625 ἀδιάφθορον
918 1542 1072 1626 παρέσχεν,
1085 1543 1204 1626 ἐρρήθη

187 1641 242 1702 δτι·
263 1643 481 1722 διηνοίχθησαν
495 1641 594 1704 αὐτῶν
610 1642 642 1703 οί
658 1638 820 1720 ὀφθαλμοί.
852 1640 969 1720 πέφυκε
981 1641 1037 1723 γὰρ
1053 1640 1069 1704 δ
1084 1639 1204 1720 ὀφθαλ-
1271 1695 1272 1708 2

147 1761 172 1802 ισ
187 1739 242 1817 μὸς
272 1738 332 1801 ὑπὸ
364 1747 417 1800 τοῦ
444 1743 586 1819 λογισμοῦ
613 1741 810 1820 διεγείρεσθαι
835 1741 911 1820 πρὸς
937 1739 958 1800 ἀ
984 1737 1100 1820 βλέπει,
1129 1740 1205 1802 διότι

187 1837 306 1898 σύνεσιν
334 1836 422 1910 αῦιδς
449 1832 521 1898 καθ’
551 1836 658 1898 ἑαυτὸν
690 1837 746 1899 οῦκ
777 1837 833 1919 ἔχει
864 1836 1029 1900 κάντεῦθεν
1061 1839 1204 1911 πολλάκις

185 1933 260 2017 πρὸς
287 1933 369 2017 ἕτερα
395 1943 447 2014 τῆς
473 1936 608 2009 διανοίας
634 1933 853 2016 ἀσχολουμένης
881 1941 996 2015 τυφλοῦ
1019 1936 1110 2015 δίκην
1134 1929 1200 1998 ἔσθ’

185 2017 236 2096 δτέ
250 2034 458 2116 παρερχόμεθα
473 2032 589 2094 κολεὸν
601 2033 683 2094 πάνυ
701 2034 862 2114 γνώριμον,
880 2034 940 2112 καί,
958 2032 1079 2094 ἐπειδὰν
1098 2033 1203 2116 ἐγκλη-

185 2138 299 2212 θῦιμεν,
322 2141 358 2216 τῇ
377 2131 499 2216 ἀσχολίᾳ
516 2139 570 2192 τοῦ
588 2136 730 2212 λογισμοῦ
749 2130 781 2192 τὸ
800 2132 895 2192 σίτων
913 2128 1104 2204 ἀνατιθέντες
1127 2131 1202 2194 ἀπο·

144 2252 172 2292 το
186 2231 363 2312 λογοάμεθα.
405 2229 482 2292 οὕτω
505 2228 556 2290 καλ
578 2222 704 2308 δἈδάμ
727 2228 777 2290 καλ
795 2225 814 2307 ἡ
833 2226 902 2290 Ειῦα
925 2237 960 2312 τῇ
984 2228 1127 2306 αἰσθήσει
1149 2239 1202 2292 τοῦ

185 2337 241 2390 νοῦ
273 2327 347 2409 πρὸς
373 2326 428 2405 τὴν
456 2325 531 2404 ὄψιν
559 2325 771 2408 διηγέρθησαν.
821 2326 854 2388 τὸ
880 2326 948 2407 γάρ·
981 2327 1202 2406 διηνοίχθησαν

183 2425 284 2487 αὐτῶν
307 2426 339 2486 οί
359 2423 523 2504 ὀφθαλμοί,
550 2423 600 2485 καλ
622 2423 756 2505 ἔγνωσαν
778 2424 823 2486 ὅτι
845 2422 954 2506 γυμνοί
975 2415 1064 2502 ἦσαν,
1087 2421 1202 2486 ἀποκά-

184 2529 279 2601 λυψιν
308 2524 399 2601 δηλοῖ
419 2522 475 2601 τὴν
501 2521 697 2604 ἐγγενομένην
724 2529 763 2606 τῷ
787 2527 925 2605 λογισμῷ,
953 2519 1009 2581 οὐκ
1031 2518 1201 2600 ἀνάβλεψιν

184 2619 368 2700 ὀφθαλμῶν,
399 2620 472 2681 ὥστε
503 2620 559 2698 τὴν
591 2619 661 2699 μετὰ
692 2619 747 2699 τὴν
777 2618 923 2701 ἁμαρτίαν
949 2619 1095 2698 αἴσθησιν
1123 2621 1201 2682 οδτω

256 2817 272 2864 2
292 2807 359 2864 Gen.
376 2814 400 2876 ο,
415 2814 439 2863 ο,
459 2841 492 2849 -
513 2814 546 2863 10
566 2807 633 2864 Gon.
650 2815 676 2878 ε,
692 2814 716 2863 τ.

257 2967 271 3014 1
292 2953 365 3031 εἶχεν
379 2958 436 3013 BC.
451 2991 484 3000 —
504 2966 520 3013 2
539 2961 589 3015 καλ
606 2960 623 3029 ἡ
638 2960 709 3029 γυνὴ
728 2960 814 3014 αὐτοῦ
829 2959 879 3014 εῦα
894 2958 949 3013 OF.
965 2991 998 2999 -
1018 2955 1070 3014 εάα
1084 2959 1199 3014 NPRV.

184 3065 220 3073 —
239 3038 254 3086 2
275 3032 477 3086 ἐντεῦθεν-3
497 3032 580 3096 ξύλον
598 3049 648 3086 ουτ.
669 3030 717 3085 GE
742 3029 998 3100 ἐντεῦθεν-γυνὴ
1017 3037 1042 3086 εί
1058 3032 1091 3086 τὸ
1115 3031 1200 3096 ξύλον

183 3121 236 3158 om.
250 3103 281 3156 Β,
301 3134 336 3142 -
354 3107 403 3155 13
422 3103 453 3157 τὸ
472 3103 555 3168 ξύλον
574 3099 617 3156 δτι
634 3103 722 3157 καλὸν
739 3102 774 3156 N.
793 3135 826 3143 -
846 3109 863 3156 4
882 3099 986 3169 ὡραῖόν
1005 3102 1063 3157 ἐστι
1080 3110 1132 3157 τοῦ
1151 3102 1200 3156 ΡΒ

185 3174 252 3229 Gen.
268 3206 303 3215 -
320 3175 398 3228 ὁκαὶ
412 3178 450 3248 τῷ
459 3174 544 3242 ἀνδρὶ
557 3173 665 3227 BFNR
675 3173 742 3228 Gen.
758 3205 791 3214 -
807 3179 822 3227 ’λ
837 3175 887 3243 μέν
901 3190 951 3228 ουι.
967 3173 1022 3226 PR.
1038 3204 1071 3213 -
1092 3180 1125 3228 11
1139 3170 1199 3228 δεί-

184 3266 284 3301 κνυται
301 3243 385 3299 Acss.
405 3277 440 3285 —-
464 3251 496 3298 13
516 3244 700 3314 ἀδιάφθορον
719 3243 793 3298 OPR
811 3244 971 3314 ἀδιάφορον
989 3244 1049 3299 rell.
1069 3244 1132 3314 (τὴν
1151 3246 1199 3314 γά-

184 3334 289 3383 μνωσιν
308 3316 468 3384 ἀδιάφορον
487 3316 611 3386 Theod.).
634 3348 667 3355 -
692 3314 794 3384 ἐρρέθη
814 3315 872 3370 AR.
897 3348 930 3356 -
956 3321 988 3370 18
1007 3315 1068 3387 τὸν]
1086 3316 1120 3370 τὸ
1138 3315 1196 3369 BP.

186 3387 440 3510 -ὸέγχλεισθῶμεν
454 3387 508 3439 BR
527 3386 681 3455 ἐκλιθῶμεν
694 3387 727 3440 Α.
744 3417 776 3425 -
796 3392 831 3441 20
850 3382 901 3442 εάα
914 3386 974 3441 DP.
989 3419 1023 3428 -
1043 3393 1076 3441 21
1092 3384 1198 3442 νόουΡ

185 3475 218 3509 νο
237 3477 251 3518 ς
292 3501 297 3510 .

257 3602 291 3650 20
310 3596 397 3661 οῦτως
415 3593 467 3650 οάν
485 3597 534 3650 καλ
551 3596 581 3650 Ρ.
602 3629 634 3636 -
657 3602 690 3649 21
710 3597 898 3668 διεγέρθησαυ
916 3600 945 3652 P.
