2617 3909
527 251 716 303 XPONIKON
1066 249 1130 312 317

114 400 201 482 ἔαρος
225 397 245 478 ἡ
267 407 306 481 γῆ
329 399 484 480 βλαστάνει
506 398 639 480 βοτάνην
661 397 767 481 χόρτου
790 396 840 459 καὶ
863 398 895 459 οἱ
919 403 1057 477 λειμῶνες
1080 396 1132 458 ἀν-

115 505 210 560 θοῦσι
242 496 294 558 καὶ
324 497 359 558 τδι
389 495 498 578 δένδρα
529 497 601 576 φάει
631 495 754 577 καρπόν.
801 495 851 557 διά
882 505 967 557 τοῦτο
1000 494 1050 557 καὶ
1081 495 1133 557 τὸν

112 591 231 679 Ἰσραὴλ
248 594 323 657 κατὰ
340 595 393 657 τὸν
410 595 516 676 καιρὸν
532 604 639 656 τοῦτον
657 593 843 675 ἠλευθέρωσε
861 603 914 674 τῆς
928 595 1133 676 Αἰγυπτιακῆς

115 695 251 766 δουλείας
278 691 328 754 καὶ
354 701 390 777 τῇ
416 690 559 777 παρθένῳ
581 693 716 773 Γαβριὴλ
738 691 754 756 δ
782 691 957 774 ἀρχάγγελος
983 693 1132 774 εὐηγγελί-

115 810 194 854 σατο.
240 790 361 864 εἰκότως
384 783 440 852 οῦν
462 789 538 851 κατὰ
558 791 610 853 τὸν
636 790 729 852 αὐτὸν
756 791 861 872 καιρὸν
888 789 938 851 καὶ
965 787 982 851 δ
1005 789 1132 871 Χριστὸς
1160 811 1171 850 ο

114 888 254 969 ὑπέμεινε
276 890 310 950 τὸ
332 889 478 969 σωτήριον
500 889 610 961 πάθος.

180 981 213 1048 Ὁ
235 988 338 1049 τοίνυν
362 987 491 1060 Πιλάτος
510 985 580 1065 μετά
598 986 653 1065 τὴν
672 991 802 1067 Χριστοῦ
821 987 987 1067 σταύρωσιν
1004 985 1132 1066 εἰκόνας,

115 1095 169 1147 τοῦ
200 1085 351 1166 Καίσαρος
382 1085 546 1166 προτομάς,
577 1084 619 1157 εἰς
650 1085 683 1146 τὸ
716 1085 795 1164 ἱερὸν
827 1085 942 1164 νύκτωρ
974 1082 1132 1162 ἀνέθηκεν.

115 1183 231 1264 όρθρον
258 1181 291 1244 δέ
313 1181 475 1264 γενομένου
493 1176 633 1243 Ἰουδαῖοι
658 1182 839 1261 θεασάμενοι
866 1191 1007 1244 τοσοῦτον
1030 1181 1132 1262 ἐταρά-

115 1287 250 1361 χθησαν,
276 1280 348 1342 ὥστε
371 1281 500 1354 Πιλάτος
522 1278 750 1359 έκδειματωθείς
772 1279 899 1360 ἀλλαχοῦ
921 1279 1029 1352 ταύτας
1052 1276 1131 1358 μετέ·
1147 1301 1172 1341 ιο

115 1385 222 1458 θηκεν.
266 1377 316 1440 καί
349 1378 387 1458 δὴ
416 1377 467 1440 καί
494 1378 547 1441 τόν
573 1378 652 1458 ἱερὸν
679 1378 837 1460 θησαυρὸν
866 1377 917 1439 τὸν
948 1376 1132 1455 καλούμενον

115 1478 265 1558 κορβουᾶν
292 1477 473 1559 διαφθείρας
501 1477 594 1548 αἴτιος
619 1474 797 1558 ἀναιρέσεως
818 1480 929 1555 πολλῆς
950 1473 1001 1535 καί
1024 1475 1132 1556 συγχό-

116 1593 190 1648 σεως
216 1580 277 1647 τοῖς
296 1568 452 1646 Ἰουδαίοις
483 1574 562 1652 μίσει
591 1577 631 1657 τῷ
663 1573 737 1657 πρὸς
767 1572 876 1646 αὐτοὺς
903 1570 1031 1655 γέγονεν.
1076 1571 1132 1652 τὴν
1146 1595 1186 1634 τοι
1200 1594 1231 1634 Μ,

117 1672 174 1755 γάρ
197 1673 394 1734 ἐπανάστασιν
412 1672 512 1734 αῦτῦν
529 1671 724 1754 ὑφορώμενος
742 1671 799 1754 πρὸ
818 1679 871 1733 τοῦ
889 1671 1021 1752 βήματος
1040 1670 1132 1732 αὐτοῦ

117 1771 294 1852 στρατιώτας
310 1769 501 1851 παρέστησεν,
520 1770 646 1832 ἔνδοθεν
665 1768 719 1848 μέν
733 1769 809 1832 όπλα
825 1778 994 1851 φοροῦντας
1012 1767 1132 1848 αότοός,
1147 1790 1172 1831 15

117 1869 230 1943 ἔξωθεν
254 1867 286 1929 δέ
309 1868 462 1948 ἰδιωτικὴν
485 1867 598 1948 ἐσθῆτα
620 1869 695 1950 πρὸς
712 1867 746 1929 τὸ
764 1867 981 1946 ἀνυπονόητον.
1018 1865 1058 1939 δις
1077 1857 1132 1928 οάν

117 1967 260 2048 ὥρμησαν
286 1959 333 2027 ἐπ’
363 1967 454 2027 αὐτὸν
478 1959 620 2027 Ἰουδαῖοι
651 1966 865 2044 στασιάζοντες,
898 1965 1033 2043 ἐπαφῆκε
1063 1963 1132 2037 τοῦς

117 2065 293 2146 στρατιώτας
315 2063 426 2143 αὐτοῖς,
449 2064 483 2124 οἵ
499 2087 532 2145 γε
556 2063 654 2137 ξύλοις
676 2062 726 2124 καὶ
748 2064 846 2136 λίθοις
869 2061 978 2134 αὐτοὺς
996 2062 1133 2134 παίοντες

116 2163 297 2244 τραυματίας
336 2160 501 2238 ἀπέλυσαν,
541 2160 625 2233 τινὰς
661 2159 693 2222 δέ
730 2159 828 2221 αὐτῶν
864 2157 914 2218 καὶ
950 2157 1132 2219 ἀπέκτειναν.

117 2258 221 2320 πολλοὶ
244 2257 275 2320 δὲ
297 2269 357 2320 τῶν
377 2253 530 2321 Ἰουδαίων
553 2252 605 2319 ὑπ’
626 2256 761 2336 ἀλλήλων
785 2255 955 2334 ὠθούμενοι
978 2273 1131 2335 συμπατη-
1146 2280 1172 2318 το

191 2439 459 2506 7-11ιβΕαεε1).
480 2437 578 2492 Chron.
597 2437 623 2491 H
641 2455 672 2507 p.
694 2443 744 2491 148
764 2437 827 2492 Sch.
848 2435 967 2505 Synoell.
983 2453 1011 2504 μ.
1029 2441 1095 2504 615,
1116 2442 1131 2488 6

117 2511 231 2580 Ioseph.
251 2511 315 2563 Ant.
335 2509 437 2577 XVIII,
457 2514 554 2580 55sqq.
574 2541 608 2550 -
631 2515 736 2578 11—1).
752 2515 817 2576 318,
838 2515 851 2563 1
875 2510 910 2576 cf.
929 2507 1041 2578 Ioseph.
1061 2506 1131 2562 Bell.

117 2582 181 2636 Jud.
200 2582 369 2668 H,¹1758qq.
388 2580 489 2635 Euseb.
504 2581 538 2634 H.
554 2581 620 2636 eccl.
639 2579 678 2649 Π,
694 2585 718 2647 6,
735 2585 758 2634 6.

192 2757 205 2803 1
221 2751 304 2818 ἀέρος
316 2749 434 2804 ABMP.
446 2781 479 2789 -
494 2756 511 2803 4
526 2749 541 2804 ό
556 2749 726 2819 ἀρχάγγελος
739 2749 856 2831 γαβριὴλ
870 2748 927 2801 BL.
939 2780 972 2789 —
988 2753 1003 2801 ’λ
1018 2751 1134 2810 πιλάτος

118 2821 164 2875 LP
182 2824 245 2876 item
263 2839 287 2876 v.
303 2827 345 2874 10.
363 2853 396 2862 -
415 2829 465 2875 τοῦ
483 2830 596 2892 χριστοῦ
615 2820 810 2875 GLMRsmd.
825 2837 849 2874 v.
864 2822 993 2882 Πιλᾶτος.
1014 2852 1047 2859 -
1069 2825 1084 2872 9
1105 2818 1132 2873 οἰ

119 2893 243 2948 ἰονδαῖοι
261 2893 342 2947 οοδδ.
358 2899 468 2961 praeter
486 2892 648 2946 ABPSuid.
673 2924 706 2933 -
732 2897 765 2945 10
784 2893 821 2954 ὡς
840 2891 889 2946 τὸν
908 2894 1026 2945 κιλάτον
1044 2890 1132 2946 ἐκδει-

118 2962 286 3034 ματωθέντα
304 2963 408 3026 ταότας
426 2965 547 3037 ἀλλαχοῦ
566 2963 762 3033 μεταθῆταιάἸ
781 2961 849 3017 ὥστε
867 2965 984 3016 πιλῦτον
1004 2961 1133 3030 ἐκδειμα-

118 3043 205 3089 τῶσαι
225 3035 274 3089 καί
291 3035 395 3097 ταύτας
412 3038 578 3104 μεταθεῖναι
596 3034 673 3088 Suid.
697 3067 730 3075 —
756 3039 788 3088 11
808 3034 856 3087 καί
880 3037 942 3087 ante
964 3032 1013 3086 τὸν
1037 3049 1087 3087 om.
1107 3032 1132 3084 A

118 3114 145 3161 et
163 3106 267 3161 Suidao
285 3107 365 3160 codd.
382 3107 517 3176 plerique.
538 3137 571 3146 -
592 3111 625 3159 12
644 3107 785 3230 κορβουᾶν
805 3104 865 3174 <-διν
883 3103 945 3174 DP)
963 3103 1042 3158 DFP
1066 3123 1131 3170 κορ-

118 3181 214 3249 βωνᾶν
237 3177 298 3247 (-ἀν
320 3178 355 3247 R)
374 3177 428 3230 BR
454 3184 479 3232 et
506 3176 610 3232 Suidae
637 3177 691 3232 eod
713 3219 718 3230 .
741 3175 961 3246 praestantiores
988 3177 1133 3247 κορβανᾶν

119 3248 181 3319 (-διν
194 3248 259 3317 ΑΜ)
273 3248 410 3303 ACLMV.
431 3281 463 3289 —
485 3254 517 3302 13
536 3246 609 3318 μίσει
626 3249 658 3302 τὸ
674 3247 694 3302 C
713 3246 833 3317 μισειτδς
846 3248 871 3300 Α
889 3247 1002 3315 μισητὸς
1020 3245 1077 3299 RV.
1097 3277 1133 3285 —

120 3326 154 3374 15
173 3320 276 3384 αῦτοός
289 3337 340 3374 om.
354 3320 483 3374 FLSuid.
499 3352 532 3360 —
553 3326 586 3374 16
603 3320 768 3374 ἀνύποπτον
783 3317 840 3372 BF.
856 3350 889 3358 —
910 3323 942 3372 17
963 3317 989 3372 οἱ
1009 3318 1133 3372 ἰουδαῑοι

119 3391 167 3462 (ἰδ.
182 3391 215 3461 L)
233 3390 390 3445 BOFLRV.

191 3566 208 3613 4
232 3558 424 3630 εὐηγγελίσατο
451 3561 500 3615 καί
527 3558 600 3614 κατὰ
622 3559 673 3613 τὸν
702 3559 789 3614 αὐτόν
816 3559 915 3627 καιρὸν
943 3554 1056 3619 εἰκότως
1083 3558 1132 3613 καί

121 3631 136 3686 ό
155 3652 196 3702 χρ.
216 3631 246 3684 Ρ,
271 3663 304 3672 -
329 3638 362 3686 19
381 3631 523 3687 ἀπέλυσαν
542 3627 591 3686 καί
608 3651 688 3692 τινας
706 3630 875 3686 ἀπέκτειναν
893 3630 924 3684 P.
