2617 3909
537 226 726 278 XPONIKON
1071 225 1136 290 357

121 382 185 433 πῶν
212 370 315 446 ἀδικος
341 367 418 434 εἶναι
449 371 499 433 διὰ
525 373 602 453 βίον.
648 372 698 434 καὶ
725 373 763 452 δὴ
790 372 841 434 καὶ
863 376 1026 454 Σωκράτης
1053 373 1069 437 6
1093 376 1138 437 δι-

124 471 269 544 δάσκαλος
296 470 389 533 αύτού
418 470 493 551 πρὸς
520 470 611 532 αύτὸν
638 471 733 544 οὕτως
761 470 833 549 ἔφη·
865 470 989 552 πότερον
1016 480 1051 556 τῇ
1079 481 1138 534 τῶν

123 573 240 630 πολλῶν
263 568 337 653 δόξη
361 570 410 630 δεῖ
427 566 505 648 ἡμᾶς
527 570 689 630 πείθεσθαι
711 566 761 628 καὶ
775 570 945 648 ,φοβεῖσθαι
967 569 1092 650 ταύτην,
1117 567 1138 649 ἢ

124 675 160 751 τῇ
183 675 236 728 τοῦ
259 665 336 746 ἕνός,
359 667 390 728 εἴ
403 668 447 740 τίς
466 666 545 728 ἐστιν
568 666 690 747 ἐπαΐων,
713 663 749 728 δν
768 665 884 728 δεῖκαὶ
903 668 1065 747 φοβεῖσθαι
1088 665 1138 728 καὶ

123 764 317 845 αἰσχύνεσθαι
349 769 459 843 μᾶλλον
490 762 511 844 ἢ
543 765 714 843 ξύμπαντας
741 764 810 836 τοὺς
837 762 958 842 ἀλλους,
983 757 1005 826 ὦ
1038 765 1066 826 εἰ
1093 764 1134 844 μὴ
1164 787 1176 828 σ

121 862 383 942 ἀκολουθήσομεν,
411 863 515 934 δεινῶς
542 861 748 942 λωβησάμεθα.
793 861 850 924 οὐκ
872 861 929 945 ἀρα
951 886 998 945 γε,
1026 856 1050 924 ὦ
1073 863 1136 943 βέλ-

121 979 206 1040 τιστε,
230 959 421 1042 φροντιστέον
443 958 517 1040 ἡμῖν
539 961 568 1021 τί
589 959 708 1042 ἐροῦσιν
731 957 809 1039 ἡμᾶς
832 962 864 1022 ot
883 963 995 1041 πολλοί,
1019 960 1091 1024 ἀλλὰ
1109 963 1139 1022 τί

121 1058 155 1120 τὸ
185 1058 291 1120 ἐπαίον
321 1065 361 1142 τῷ
389 1059 494 1142 δικαίφ
521 1057 572 1118 καὶ
603 1056 712 1142 ἀδίκῳ,
742 1057 807 1137 ἥτις
838 1057 917 1120 ἐστὶν
948 1056 968 1138 ἡ
1001 1059 1136 1138 ἀλήθεια.

121 1165 213 1218 ταῦτα
249 1153 281 1218 δὲ
317 1163 408 1216 ταῦτα
439 1165 575 1235 φανερῶς
607 1154 720 1218 ἐοίκασι
751 1161 812 1228 τοῖς
844 1153 994 1239 ἡμετέροις
1026 1163 1137 1236 μᾶλλον

122 1256 212 1337 ἱεροῖς
234 1252 284 1314 καί
306 1252 510 1326 ἀποστολικοῖς
532 1253 639 1335 λόγοις,
662 1253 696 1315 ἐν
719 1247 764 1327 οἷς
783 1271 877 1333 φησιν
896 1251 912 1315 6
930 1255 1135 1337 γριστοφόρος·
1150 1276 1177 1315 ιο

123 1352 173 1413 διδ
195 1361 254 1412 τῶν
277 1351 377 1412 ὅπλων
399 1360 452 1430 τῆς
475 1352 668 1430 δικαιοσύνης
690 1361 749 1412 τῶν
773 1352 876 1425 δεξιῶν
899 1352 949 1413 καλ
967 1352 1136 1435 ἀριστερῶν,

123 1449 173 1511 διδι
200 1450 290 1528 δόξης
315 1447 366 1509 καλ
393 1447 524 1528 ἀτιμίας,
552 1449 603 1510 διδι
625 1450 799 1528 δυσφημίας
825 1449 876 1510 καλ
902 1449 1066 1530 εὐφημίας,
1096 1448 1136 1524 ὡς

122 1548 229 1608 πλάνοι
255 1546 305 1608 καλ
332 1545 470 1627 ἀληθεῖς,
500 1545 541 1619 ὡς
569 1545 767 1628 ἀγνοούμενοι
793 1545 843 1608 καλ
866 1546 1136 1629 ἐπιγινωσκόμενοι,

122 1644 163 1718 ὡς
186 1643 428 1724 ἀποθνήσκοντες
449 1643 501 1706 καί
524 1643 591 1706 ίδού
615 1647 719 1724 ζῶμεν,
739 1641 779 1716 ὡς
799 1645 1009 1725 παιδευόμενοι
1026 1644 1076 1710 καλ
1094 1645 1136 1726 μὴ

122 1744 356 1822 θανατούμενοι,
384 1741 425 1815 ὡς
446 1743 628 1822 λυπούμενοι
650 1741 696 1803 ἀεὶ
719 1740 751 1804 δὲ
773 1743 936 1824 χαίροντες,
965 1741 1005 1817 ὥς
1027 1743 1136 1824 πτωχοὶ
1150 1763 1176 1806 ιο

122 1841 249 1914 πολλοὺς
272 1839 304 1903 δὲ
325 1841 537 1921 πλουτίζοντες,
561 1839 601 1914 ὡς
624 1838 718 1920 μηδὲν
741 1840 854 1921 ἔχοντες
872 1840 922 1902 καὶ
940 1842 1035 1903 πάντα
1053 1840 1136 1903 κατί-

121 1961 229 2020 γοντες.
275 1939 416 2017 τοιαύτην
443 1935 497 2017 μὲν
519 1930 575 1999 σύν
597 1937 664 2019 περὶ
687 1937 880 2017 δικαιοσύνης
902 1937 952 1999 καλ
974 1937 1136 2018 θεαρέστον

122 2037 269 2111 πολιτείας
295 2037 377 2097 πάνυ
400 2037 563 2118 Σωκράτης
589 2034 639 2097 καί
662 2037 790 2098 Πλάτων
818 2037 1010 2097 διδασκαλίαν
1034 2035 1136 2115 ἐποιή-

123 2153 211 2196 σαντο
235 2133 414 2214 θαυμαστὴν
437 2132 529 2207 όντως
557 2133 606 2194 καί
634 2131 805 2208 ἀξιέπαινον
828 2132 951 2213 ἀληθῶς
973 2142 1009 2219 τῇ
1033 2139 1135 2218 λογικῇ

123 2232 213 2311 φύσει
234 2242 293 2293 τῶν
315 2230 488 2313 ἀνθρώπων
510 2232 743 2311 συμβαίνουσαν.
782 2231 817 2292 τδι
839 2230 895 2313 γὰρ
917 2229 1013 2310 ἠθικά
1036 2231 1136 2310 μαθή-
1150 2253 1176 2293 κο

123 2352 200 2409 ματα
226 2330 339 2403 πάντας
365 2327 547 2410 ἀνθρώπους
575 2326 594 2408 ἡ
623 2329 714 2407 φύσις
743 2328 924 2391 ἐπαίδευσεν.
974 2330 1136 2402 διαπλάσας

122 2427 230 2510 γάρτοι,
258 2436 317 2488 τῶν
353 2425 525 2509 ἀνθρώπων
561 2427 593 2490 τὸ
628 2425 713 2509 γένος
749 2424 765 2487 δ
798 2427 872 2500 θεὸς
910 2424 1055 2488 ἕντίθεικε
1099 2435 1134 2512 τῇ
1149 2450 1189 2490 τοι
1202 2447 1237 2487 τε.

123 2525 212 2603 φύσει
234 2535 293 2586 τῶν
315 2524 441 2606 ἀγαθῶν
463 2523 514 2586 καὶ
536 2535 595 2585 τῶν
620 2524 763 2586 ἐναντίων
785 2523 840 2603 την
863 2525 1024 2606 διάγνωσιν
1047 2523 1063 2587 6
1085 2525 1136 2586 καλ

195 2691 272 2740 1-8
291 2686 457 2742 Theodoret.
477 2687 513 2741 ib.
532 2685 558 2739 11
580 2686 676 2756 Migne
700 2691 751 2741 837
761 2687 792 2741 B.
817 2719 851 2729 -
877 2693 893 2740 2
917 2687 1018 2743 Platon
1040 2687 1135 2742 Criton

76 2810 79 2814 .
118 2773 147 2826 p.
162 2764 197 2811 47
208 2756 235 2812 G.
261 2789 294 2798 -
319 2764 351 2811 11
371 2758 403 2812 H.
419 2757 480 2814 Gor.
500 2764 624 2828 6‚‘18qq.
649 2790 684 2798 -
709 2763 813 2827 1⁷—p.
829 2763 894 2826 358,
914 2765 946 2812 22
966 2760 1134 2814 Τῶοοᾱοτοτ.

122 2828 224 2882 ib.X11
242 2828 338 2898 Migne
358 2835 426 2883 1136
438 2828 466 2884 c.
485 2861 521 2869 -
540 2835 573 2883 23
592 2829 694 2883 psalm.
711 2835 744 2883 93
760 2833 824 2900 (94),
840 2835 880 2884 10.

195 2979 212 3025 4
230 2969 291 3040 ἥτις
309 2970 359 3024 BL
382 2969 461 3039 ἢτίς
478 2972 510 3025 R.
535 3003 570 3012 -
594 2977 610 3025 5
629 2971 791 3041 σύμπαντας
810 2970 863 3026 GV.
884 3003 917 3012 -
942 2978 957 3026 6
977 2971 1134 3039 ἀκολουθή-

122 3056 211 3112 σωμεν
222 3041 405 3096 ACEFLNR·
414 3043 479 3097 Exn.
495 3075 528 3083 —
543 3044 734 3115 λωβησάμεθα
743 3042 850 3097 ΑΟΕΝ
863 3042 1091 3115 λωβηθησόμεθα
1104 3043 1134 3097 L.

122 3108 178 3181 ἀρά
197 3133 228 3184 γε
241 3113 347 3168 DFLP.
362 3145 397 3154 —
417 3120 431 3167 7
451 3116 523 3184 ὑμᾶς
536 3114 562 3168 V
580 3114 646 3184 ἡμῖν
661 3114 689 3168 C.
705 3146 738 3154 —
759 3113 874 3183 Βηοκε.
889 3114 943 3167 LR.
958 3146 994 3154 —
1013 3120 1028 3167 9
1046 3121 1135 3170 ταῦτα

122 3184 154 3239 δὲ
173 3183 267 3240 πάντα
281 3184 337 3239 AB.
353 3217 388 3225 -
408 3191 440 3239 19
459 3186 508 3240 καί
525 3193 558 3257 τῇ
573 3185 631 3239 BL.
651 3218 686 3225 -
705 3190 738 3239 22
757 3205 801 3240 τοι
820 3202 869 3240 ont.
884 3185 934 3238 BF
944 3186 1009 3239 Exc.
1027 3217 1062 3226 --
1079 3195 1135 3240 τῶν

121 3271 172 3310 om.
188 3254 323 3310 OELRV.
342 3288 377 3296 -
396 3261 429 3309 22
450 3255 583 3326 ἐντίθηκε
601 3255 752 3310 ACELPR
761 3256 827 3311 Exc.

193 3395 209 3444 3
228 3390 276 3443 καί
295 3407 344 3445 om.
360 3389 390 3444 P.
415 3422 450 3430 -
474 3395 508 3444 10
527 3389 542 3444 6
561 3389 758 3462 γριστοφόρος]
782 3390 798 3445 δ
817 3389 960 3458 θεορήτωρ
979 3393 1085 3452 παῦλος
1103 3388 1133 3443 P.

121 3492 157 3500 —
176 3467 208 3514 1‘1
228 3463 297 3516 Poet
309 3461 472 3533 κατέχοντες
485 3461 507 3514 Ρ
521 3463 585 3516 αδδ.
601 3460 661 3516 Gal.
678 3470 702 3530 1,
715 3468 747 3516 10
765 3462 785 3516 Ι.
801 3461 896 3516 Thess.
912 3468 938 3530 2,
948 3468 1017 3516 4-6
1036 3462 1058 3515 Ι.
1074 3460 1133 3516 Cor.

122 3537 215 3599 2,14;
235 3539 277 3587 15.
297 3563 330 3572 -
351 3537 383 3586 19
403 3532 501 3604 όντως]
521 3531 632 3601 σφόδρα
650 3533 680 3587 Ρ.
700 3565 735 3573 -
754 3539 787 3587 23
807 3532 857 3604 τῂν
875 3543 932 3589 τῶν
949 3534 993 3603 ἀγ.
1012 3533 1060 3588 καὶ
1078 3541 1135 3588 τῶν

121 3602 213 3657 ἐναντ.
230 3603 381 3674 διάγνωσιν
399 3603 429 3657 P.
