2617 3909
174 220 278 269 xxxn
581 219 783 271 PRAEFATIO

163 368 244 427 ..dini
277 367 379 444 ¹Sequi
401 368 537 441 uidetur,
551 366 777 427 codicem-libri
799 368 829 427 G
851 368 1120 445 archetypumhic
1139 370 1199 427 ha-

174 457 274 516 huisse
287 457 444 518 lacunam.
482 456 614 516 Inseruit
636 459 738 516 autem
759 449 901 516 librarius
923 457 972 517 hio
994 477 1090 518 vacua
1112 459 1198 533 folia,

176 564 252 622 quae
276 546 352 606 alius
374 550 486 622 postea·
502 545 634 605 familiae
656 545 800 608 Ocodice
822 564 894 606 usus
917 537 1078 623 supplevit.
1115 547 1199 606 Reli-

176 647 252 711 quae
274 635 345 693 libri
362 634 457 711 pertis
477 636 656 712 archetypus
674 634 766 695 codex
783 634 924 696 habuisse
942 635 1061 696 videtur
1080 640 1198 696 textum

175 725 236 784 iam
259 744 295 783 ex
317 726 446 802 genuino
471 728 501 784 st
523 726 687 784 retractato
709 723 912 798 commixtum,
935 744 1001 784 cum
1021 726 1137 785 scholia
1158 726 1198 785 ad

174 814 372 873 retractatum
398 816 516 873 textum
546 815 730 890 pertinentia
760 816 792 872 in
819 815 928 890 prioris
955 814 1066 874 codicis
1092 818 1197 891 partis,

176 920 252 979 quae
275 904 438 979 genrrinum
461 905 576 961 textum
599 924 627 980 p.
648 905 790 977 4-237,
808 904 849 962 14
872 907 1091 980 repraesentat,
1118 907 1199 963 mar.-

176 994 276 1070 ginem
295 992 356 1051 alia
374 992 526 1067 adscripta
544 992 615 1066 sint,
633 993 697 1051 alia
712 992 745 1051 in
763 993 863 1068 ipsum
881 995 996 1051 textum
1013 994 1198 1069 irrepserint.

242 1080 339 1139 Venio
366 1084 428 1140 iem
456 1081 493 1139 ad
521 1080 614 1140 libros
646 1083 699 1157 qui
728 1081 883 1141 continent
909 1083 1059 1141 chronica.
1075 1081 1199 1160 Georgii

175 1171 296 1229 nomine
314 1172 478 1248 inscripta,
488 1190 565 1246 quae
580 1170 665 1231 ultra
677 1170 832 1231 Michaelis
846 1170 893 1229 111
906 1172 1074 1245 imper-nm,
1093 1189 1198 1248 quam-¹

175 1262 221 1319 uis
242 1260 286 1319 ibi
309 1260 443 1321 chronici
464 1260 553 1319 tinem
576 1278 640 1319 esse
662 1260 813 1337 praefatio
835 1263 971 1334 testetur,
993 1263 1199 1320 narrationem

175 1351 359 1409 continuant.
721 1364 726 1372 ’
946 1394 948 1397 >
1105 1363 1109 1367 ·
1166 1351 1193 1381 ’·
1288 1393 1289 1396 ,

243 1431 507 1499 vindobonensis
521 1432 732 1499 Istat-(irate.
747 1429 791 1499 40
805 1431 869 1519 (V)
889 1439 961 1498 olim
981 1441 1023 1498 39
1043 1442 1074 1497 et
1094 1438 1199 1515 Suppl.
1288 1489 1290 1516 ἶ

178 1527 251 1600 108,
275 1525 409 1585 continet
432 1527 495 1586 328
519 1527 601 1587 folia.
646 1527 762 1587 Emissa
785 1547 853 1587 eum
873 1528 1016 1604 Byzantii
1032 1527 1199 1605 Augerium

175 1615 375 1675 Busbeckium
397 1618 429 1674 in
452 1614 548 1691 primo
572 1619 603 1675 ot
624 1616 733 1676 ultimo
751 1617 825 1676 lolio
844 1620 992 1676 narratur.
1032 1616 1101 1676 Duo
1124 1617 1199 1677 lolia

175 1704 400 1764 membranacea
423 1707 554 1763 numeris
574 1708 637 1763 327
658 1708 690 1765 et
702 1707 772 1764 ’328
791 1708 912 1782 signata
934 1706 986 1767 sed
1002 1706 1091 1766 initio
1112 1723 1199 1784 prae*

176 1793 235 1853 fixa
262 1793 299 1852 de
326 1793 423 1852 Maria.
450 1794 630 1870 Magdalena
661 1797 806 1855 sermonis
839 1795 1006 1856 clausulam
1036 1798 1199 1860 continent.

176 1882 269 1941 Foliis
309 1884 453 1942 14326
491 1881 612 1961 Georgii
648 1884 788 1943 Monachi
824 1885 984 1945 chronicon
1020 1887 1200 1945 continetur.¹

176 1972 263 2032 Folia
283 1973 437 2033 49-314
456 1972 683 2033 membranacea
702 1977 774 2032 sunt
795 1974 915 2034 saeculo
933 1975 976 2034 XI
998 1993 1064 2034 meo
1087 1975 1199 2035 iudicio

176 2063 303 2137 scripta,
332 2078 391 2121 non
419 2061 537 2122 saeculo
566 2062 606 2138 X,
633 2066 669 2120 ut
691 2062 834 2122 Kollarus
856 2062 960 2139 Suppl.
984 2062 1024 2123 ad
1046 2062 1200 2131 Lamhecii

177 2153 333 2210 comment.
352 2152 404 2209 t'ol.
425 2152 489 2211 650
512 2150 594 2211 dicit.
631 2151 715 2211 Inter
734 2152 810 2212 folia
829 2154 891 2211 311
913 2156 944 2211 et
963 2154 1026 2211 312
1046 2152 1105 2213 duo
1124 2154 1200 2215 folia
1289 2183 1290 2200 2

177 2260 213 2300 ex
234 2240 337 2301 medio*
361 2242 555 2315 quaternione
583 2242 763 2300 exciderunt.
809 2241 969 2301 Praeterea
990 2242 1066 2301 lolia
1090 2244 1198 2302 1-—48

177 2333 208 2389 ct
227 2330 401 2390 315-326
422 2329 578 2389 chartacea
596 2349 653 2406 pro
671 2329 833 2407 deperditis
852 2332 971 2406 antiqui
989 2330 1098 2391 micis
1117 2333 1199 2391 foliis
1289 2323 1290 2328 ,

177 2420 295 2478 saeculo
319 2417 390 2477 XVI
412 2418 577 2478 substituta
598 2422 677 2478 sunt.
723 2418 959 2489 Quaternionum
981 2420 1097 2479 numeri
1112 2422 1199 2480 anti«
1289 2419 1290 2490 l

177 2508 279 2583 quitus
302 2507 446 2582 adscripti
468 2507 577 2573 docent
599 2510 722 2585 periisse
744 2510 834 2568 initio
852 2527 959 2568 novem
980 2510 1200 2585 quaterniones,

177 2597 251 2656 folia
267 2599 364 2675 igitur
384 2598 439 2671 aa,
462 2593 560 2655 minor
578 2601 643 2656 erat
660 2597 802 2657 foliorum
820 2616 961 2657 numerus
982 2600 1019 2670 si,
1041 2602 1075 2657 ut
1090 2603 1199 2674 postea
1289 2607 1290 2610 ’

176 2686 243 2744 fieri
265 2687 350 2758 solet,
373 2686 619 2761 quaternionibus
643 2687 770 2745 admixti
792 2691 878 2746 erant
900 2690 1075 2747 terniones.-
1289 2683 1290 2690 '

244 2775 340 2834 Vetus
363 2774 434 2835 libri
456 2794 526 2851 pars
546 2776 657 2851 incipit
680 2796 710 2851 p.
732 2778 809 2849 142,
829 2780 848 2835 3
871 2777 971 2836 verbis
998 2784 1117 2855 πρῶτον
1145 2774 1201 2854 μὲν

176 2862 248 2945 γὰρ,
271 2867 307 2923 et
328 2866 361 2922 in
383 2864 492 2924 Basilii
513 2864 685 2927 Macedonis
706 2867 897 2941 imperatoris
920 2868 985 2925 uita
1006 2865 1075 2925 finit
1100 2867 1201 2925 verbis

177 2952 227 3013 aul
255 2950 445 3031 ηὐλίσθησαν
477 2952 530 3025 εἴς’
550 2968 628 3015 τινα·’
647 2954 740 3015 τόπον
771 2950 984 3032 ὠνομασμένον
1012 2954 1201 3034 Ζωγολόϊνσν

177 3064 206 3119 p.
233 3044 310 3117 756,
331 3044 370 3101 12
399 3047 460 3102 not.
489 3044 533 3102 ed.
552 3044 677 3104 Murali.
724 3044 796 3103 Post
823 3044 929 3103 lolium
954 3045 1015 3103 311
1046 3045 1205 3107 intercidit

178 3133 262 3191 Iocus
286 3150 305 3191 a
327 3129 546 3212 συγκαθεσθεὶς
567 3138 607 3215 τῷ
627 3133 745 3211 βασιλεῖ
762 3153 790 3208 p.
813 3135 886 3208 742,
902 3135 920 3192 2
939 3133 1019 3192 Mur.
1042 3151 1137 3209 usque
1161 3133 1201 3193 ad

178 3218 215 3281 od
238 3217 355 3283 δίκαιόν
377 3219 437 3282 ἔστι
459 3215 724 3302 καταίφρονεῖσθαι
746 3243 775 3298 p.
797 3223 870 3300 748,
886 3224 914 3280 2.
930 3267 933 3271 ⁴
951 3222 1043 3281 Multi
1064 3225 1098 3281 in
1120 3242 1200 3283 mare

179 3312 247 3388 gine
271 3310 414 3387 adscripti
432 3314 503 3371 sunt
520 3312 637 3369 numeri
655 3312 815 3385 ordinales,
838 3311 947 3386 quibas
969 3313 1001 3369 iu
1020 3314 1122 3387 capita
1139 3313 1201 3372 dis-

177 3401 309 3476 pertitur
322 3403 463 3460 narratio.
497 3400 717 3475 Imperatorum
730 3400 933 3460 Romanorum
950 3401 1039 3460 mitio
1051 3421 1082 3477 p.
1094 3404 1199 3476 293st

178 3508 246 3549 cum
268 3492 384 3549 numeri
411 3489 513 3549 denuo·
535 3488 573 3548 ab
596 3486 617 3547 ἆ
638 3491 760 3548 Initium
782 3493 905 3549 sumant
932 3489 1018 3566 quasi
1045 3489 1104 3549 duo
1129 3491 1200 3551 lihri

178 3578 428 3657 distinguuntur5-
441 3580 517 3638 olim
540 3581 615 3637 tres-
629 3581 731 3655 partes
755 3579 848 3638 fuisse
874 3578 954 3637 infra
980 3577 1201 3640 demonstrabo>
