2617 3909
536 222 727 274 ΧΡοΝιΚοα
939 244 941 248 ·
1074 223 1138 288 143
1217 229 1220 237 ’

121 365 201 441 υίοῖς
220 360 337 446 Ἰσραήλ
364 365 498 430 ἀπέθανε
526 369 616 448 ζήσας
637 369 689 450 ἔτη
712 366 762 451 ρι’.
808 369 859 432 καὶ
883 369 899 434 6
923 368 976 450 μέν
1000 375 1138 452 Μωῢσής

120 464 253 538 πατάξας
270 463 323 526 τὸν
341 464 434 543 Σηὼν
452 465 573 546 βασιλέα
591 476 651 528 τῶν
668 463 852 550 Ἀμορραίων
870 467 920 530 καί
939 468 990 531 τὸν
1004 464 1065 551 Ὢιγ
1083 471 1137 550 βα-

120 560 202 624 σιλέα
224 572 278 641 τής
299 564 412 644 Βασάν,
435 560 469 638 ὃς
490 563 661 645 ὑπελείφθη
684 565 717 626 έκ
739 574 799 626 τῶν
823 567 969 648 γιγάντων
992 577 1138 629 κατοικῶν

120 659 153 721 έν
175 665 216 744 τῷ
231 653 356 739 Ῥαφαίν
374 661 407 723 έν
426 657 591 744 Ἀσταράθ,
615 660 688 724 ὄντα
705 671 758 725 τοῦ
776 657 902 742 Ῥαφαῒν
920 664 1081 747 ἀπόγονον,
1100 658 1137 727 οὗ

119 756 171 818 καὶ
202 755 223 837 ή
252 759 339 838 ιιλίνη
371 760 479 841 σιδηρᾶ
509 759 543 821 τὸ
575 769 670 840 μήτιος
700 761 806 841 ἔχουσα
832 761 935 843 πήχεις
962 758 999 824 θ’
1026 761 1076 824 καλ
1103 763 1135 825 τὸ
1165 783 1177 824 ε

120 855 231 929 πλάτος
257 852 300 936 δ’,
327 855 468 936 άφείλατο
495 867 594 919 πᾶσαν
621 857 677 937 τήν
704 868 762 941 γῆν
790 859 903 941 αὐτῶν,
931 860 947 923 6
971 858 1004 922 δέ
1023 855 1139 940 Ἰησοῦς

120 953 335 1035 χειρωσάμενος
361 954 431 1029 τοὺς
453 956 647 1030 Χαναναίους
673 956 723 1018 καὶ
752 958 929 1038 Φερεζαίους
955 957 1005 1020 καλ
1032 963 1137 1040 Γεργε-

120 1051 226 1124 σαίους
247 1051 298 1113 καί
320 1054 482 1127 Χετταίους
508 1053 559 1114 καὶ
578 1049 779 1134 Ἰεβουσαίους
800 1054 851 1116 καί
870 1050 1065 1138 Ἀμορραίους
1087 1055 1138 1117 καί

120 1150 258 1224 Εὐαίους
279 1148 330 1212 ιιαλ
352 1151 466 1224 πάντας
488 1149 588 1213 αὐτῶν
610 1151 681 1226 τοὺς
702 1154 833 1232 βασιλεῖς
852 1151 941 1226 ὄντας
958 1159 998 1237 τῷ
1017 1152 1137 1237 ἀριθμῷ

120 1245 171 1327 λβ’
193 1257 292 1310 πᾶσαν
314 1247 370 1328 τήν
392 1257 450 1330 γῆν
472 1247 572 1310 αὐτῶν
595 1248 738 1330 δέδωκεν,
762 1247 803 1324 ὥς
824 1250 952 1332 εἴρηται,
974 1257 1036 1324 τοῖς
1058 1252 1138 1324 υίοῖς
1151 1274 1178 1313 1ο

117 1338 241 1428 Ἰσραήλ.
287 1344 320 1407 έν
342 1345 399 1428 γὰρ
421 1353 462 1430 τῷ
481 1347 603 1428 φεύγειν
625 1346 747 1428 αὐτούς,
770 1348 875 1428 φησίν,
897 1346 957 1411 ἀπὸ
975 1349 1137 1432 προσώπου

120 1453 181 1506 τῶν
203 1443 279 1505 υἱῶν
298 1439 415 1526 Ἰσραήλ
434 1442 485 1506 καὶ
502 1445 607 1526 κύριος
624 1442 783 1526 ἐπέρριψεν
801 1445 904 1519 αὐτοῖς
921 1447 1029 1521 λίθους
1050 1447 1137 1527 χαλά-

120 1544 173 1620 ζης
194 1539 228 1602 έιι
248 1550 302 1603 τοῦ
330 1541 476 1624 οὐρανοῦ,
503 1541 554 1604 καὶ
576 1541 711 1623 ἐγένοντο
738 1544 858 1617 πλείους
880 1544 913 1605 οί
932 1542 1138 1618 ἀποθανόντες

120 1638 171 1700 διὰ
202 1638 272 1713 τοὺς
303 1640 411 1714 λίθους
440 1649 494 1720 τῆς
522 1641 662 1721 χαλάζης,
689 1638 710 1720 ή
738 1639 791 1714 οὓς
818 1639 993 1705 ἀπέκτειναν
1020 1642 1052 1704 οί
1076 1640 1137 1704 υίολ

117 1731 234 1818 Ἰσραήλ
257 1738 384 1822 μαχαίρᾳ
405 1737 439 1799 έν
461 1743 501 1822 τῷ
519 1737 637 1822 πολέμῳ
661 1748 894 1821 στρατηγοῦντος
909 1735 1016 1821 Ἰησοῦ,
1055 1740 1088 1814 ὅς
1106 1764 1137 1821 γε
1152 1760 1177 1805 11

120 1832 212 1916 μέγας
239 1833 291 1896 ιιαλ
321 1836 514 1918 τερατουργός
542 1859 572 1898 τε
603 1835 654 1897 καί
686 1835 833 1917 θεοφιλής
862 1837 942 1899 πάνυ
973 1837 1024 1899 καί
1051 1830 1138 1912 οὗτος

120 1930 309 2013 ἀναδειχθείς
335 1932 393 1996 οὐκ
420 1930 543 2015 άμοιρος
575 1935 673 2013 λάπης
703 1934 754 1996 καί
785 1943 954 2018 πειρασμῶν
982 1935 1138 2017 διαφόρων

119 2028 241 2112 ἐγένετο.
690 2065 692 2070 ·

188 2126 264 2209 Περὶ
291 2120 329 2190 06
355 2127 406 2189 καί
433 2127 449 2192 6
475 2129 636 2211 θεορήμων
659 2128 870 2212 Χρυσόστομος
897 2129 968 2209 ἔφη·
992 2127 1137 2210 ἐννόησον

120 2226 193 2288 ὅσον
219 2223 280 2287 έστί
307 2225 421 2301 δίκαιος
450 2224 620 2308 άνθρωπος.
666 2221 749 2289 εἶπεν
775 2229 888 2306 Ἰησοῦς
915 2225 931 2290 6
954 2237 1007 2289 τοῦ
1030 2227 1136 2307 Ναυή*
1150 2250 1178 2292 ευ

120 2321 216 2402 στήτω
239 2321 255 2386 6
283 2323 367 2402 ήλιος
393 2323 467 2386 κατὰ
488 2323 618 2404 Γαβαὼν
644 2321 736 2403 καλή
760 2324 869 2404 σελήνη
896 2323 970 2386 κατὰ
998 2326 1137 2408 φάραγγα

116 2416 227 2501 Ἐλάμ,
249 2421 300 2483 καί
317 2420 438 2503 ἐγένετο,
476 2420 552 2502 φησί
571 2423 639 2504 γάρ’
663 2421 714 2484 παλ
731 2421 800 2502 ἔστη
819 2421 836 2485 6
854 2422 938 2502 ήλιος
956 2422 1029 2484 κατὰ
1048 2421 1137 2503 μέσον
1243 2441 1250 2459 1

119 2529 175 2582 τοῦ
198 2518 330 2601 οὐρανοῦ
352 2519 395 2593 είς
416 2518 497 2594 τέλος
519 2517 630 2602 ἡμέρας
652 2530 732 2600 μιᾶς,
756 2519 806 2581 καί
829 2521 885 2583 οὐκ
907 2518 1019 2602 ἐγένετο
1042 2518 1137 2603 ήμέρα

194 2687 209 2734 1
229 2678 341 2735 Denter.
357 2686 438 2749 3,11.
459 2713 493 2722 -
513 2687 545 2735 11
564 2681 738 2750 Jos.10,11.
759 2714 792 2722 -
812 2687 845 2735 21
864 2682 1095 2754 λοε.10,12εηη.

197 2828 212 2876 2
232 2823 300 2892 σηὸν
314 2822 339 2876 G
353 2824 421 2877 σιὼν
434 2822 569 2877 ABOHP
588 2831 657 2878 σιῶν
671 2823 708 2878 Μ.
724 2855 757 2864 -
778 2825 935 2896 3βασσνΡ
953 2825 1061 2897 βασσάν
1076 2826 1134 2880 LR.

120 2926 155 2935 —
170 2898 188 2947 4
202 2890 311 2965 ήαφαῒν
324 2893 373 2948 FG
386 2890 511 2965 ήαφαείν
524 2895 549 2948 R
564 2891 680 2965 ήαφαὴν
692 2895 754 2949 rell.
764 2926 799 2935 -
813 2891 922 2965 ρίαφαῒν
936 2895 961 2950 G
974 2893 1098 2968 ήαφαείν
1111 2897 1137 2950 Β,

121 2962 202 3036 ραφᾱ
215 2965 237 3018 F
251 2962 368 3037 ήαφαήν
380 2965 441 3020 rell.
455 2997 491 3005 —
507 2971 521 3019 7
535 2964 684 3036 χερσαίους
697 2965 756 3020 GP.
770 2998 804 3006 --
819 2971 835 3020 9
848 2967 898 3021 τὸν
913 2967 932 3020 ά
951 2968 1039 3037 νίλμὸν
1053 2966 1136 3021 BGR

119 3046 177 3092 τῶν
195 3036 328 3105 ἀριθμῶν
346 3035 373 3090 Η
391 3053 441 3092 om.
458 3037 488 3090 P.
508 3068 543 3077 -
562 3042 595 3091 10
614 3037 708 3095 αὐτῶν
727 3037 764 3100 ὡς
782 3036 891 3107 είρηται
910 2987 1033 3092 δέδωκεν
1051 3038 1085 3092 N.
1102 3069 1135 3077 —

122 3115 154 3162 11
170 3107 238 3233 γὰοχ
251 3109 282 3163 66
297 3107 352 3162 CF.
369 3138 402 3147 -—
422 3113 455 3162 12
469 3106 627 3176 ἀπέρριψεν
641 3107 706 3161 NR.
720 3139 755 3148 -
770 3108 908 3170 αὐτοὺςΡ
924 3105 969 3163 ἐπ’
985 3109 1088 3170 αὐτοὺς
1101 3109 1134 3163 V.

119 3211 156 3219 —
171 3183 205 3233 13
238 3177 515 3247 ποθνήσιιοντεςλθ.
526 3211 560 3219 -
576 3184 610 3232 14
624 3177 674 3233 διά
687 3180 753 3241 τοὺς
767 3176 868 3242 λίθους
894 3179 925 3234 ἐκ
938 3178 990 3234 FL.
1003 3211 1034 3219 -
1052 3185 1084 3232 15
1099 3177 1137 3242 ὥς

120 3269 152 3320 γε
170 3248 197 3303 Η
220 3247 285 3320 ὅγε
299 3249 400 3304 ΑΟΙΝ
421 3247 471 3305 καί
489 3269 519 3321 γε
538 3249 569 3304 G.
590 3281 622 3290 -
647 3255 679 3305 16
698 3269 728 3304 τε
746 3266 796 3305 om.
816 3249 863 3303 AF
893 3249 1014 3303 HLMR.
1033 3281 1069 3290 -
1087 3250 1137 3304 καί

120 3328 185 3377 ante
202 3325 287 3390 θεοφ.
309 3337 360 3376 οτι.
380 3320 408 3375 O.
429 3351 462 3365 —-
482 3321 530 3375 καλ
549 3315 631 3385 οὗτος
648 3321 726 3377 πάνυ
744 3319 894 3393 γενόμενος
912 3321 964 3376 οὐκ
982 3321 1028 3390 άμ.
1047 3320 1081 3374 Ν.
1102 3352 1136 3361 -

120 3398 153 3446 21
174 3392 290 3463 γαβαῶν
309 3391 388 3447 GLM
408 3392 531 3463 γαβαὼθ
547 3393 581 3446 A.

193 3530 209 3579 8
229 3522 390 3649 ἀπηλείγθη
409 3524 439 3579 Ρ.
464 3557 498 3566 -
522 3529 539 3578 8
559 3523 753 3597 λεβουσσαίους
771 3525 800 3594 P„
825 3558 859 3566 -
884 3532 918 3580 14
937 3525 1033 3582 olom.
1052 3525 1081 3578 P.
1102 3556 1136 3564 -

121 3601 156 3651 20
175 3590 236 3651 εἷπε
254 3616 308 3668 γαρ
338 3603 424 3666 ησοῦς
441 3595 471 3651 Ρ.
