2617 3909
520 275 710 326 ΧΡοαιΚοα
907 299 910 306 ,
1054 273 1119 337 209

103 422 156 496 τὰς
184 421 357 502 νυκτερινὰς
388 421 467 503 ὥρας
495 420 796 503 ἀνθομολογούμενός
822 428 861 507 τῷ
888 428 950 506 θεῷ
974 428 1035 496 τοῖς
1062 431 1121 483 τῶν
1214 454 1217 460 ·

103 520 244 601 δακρύων
267 517 377 601 ὀχετοῖς
405 520 550 601 έμβροχον
573 518 629 598 τὴν
655 520 792 602 γενειάδα
814 521 1026 600 καθωμάλιζες.
1071 519 1121 582 καλ
1136 543 1175 582 ιιε
1189 542 1220 581 τε.

104 619 137 680 τί
157 641 192 697 με
215 619 265 680 δεῖ
282 616 449 699 καταλέγειν
477 616 595 694 έκαστας
624 618 776 696 μνήσθητι
791 617 854 678 Χόσα
877 615 970 699 ἀγίων
993 618 1121 698 στόματα

104 715 250 795 φιλήματι
280 715 472 795 κατησπάσω,
505 715 560 776 όσα
592 715 656 797 ίερά
683 715 803 795 σώματα
833 716 1028 798 περιεπτόξω,
1055 716 1121 778 όσοι
1157 713 1160 718 ’
1233 719 1236 784 j

104 831 162 874 σου
192 813 245 887 τάς
276 819 372 894 χεῖρας
403 810 444 886 ὡς
475 811 638 894 ἀχράντους
675 812 890 895 περιέθαλπον,
922 813 987 876 ὅσοι
1018 815 1121 876 δοῦλοι
1148 834 1160 874 τ

104 917 182 972 θεοῦ
214 917 276 984 τοῖς
307 910 414 993 γόνασί
444 928 499 972 σου
531 909 763 991 περιεπλέκοντο.
810 910 920 973 καλτί
906 913 1061 975 ίτούτων
1087 913 1120 976 τὸ

103 1007 201 1086 τέλοςς
234 1019 370 1089 μοιχικῆς
402 1009 506 1088 φήμης
537 1008 662 1089 διαβολὴ
698 1006 851 1089 βέόλονς
853 1009 973 1091 ξύτερον
1005 1012 1121 1073 διῖκτα-

105 1105 181 1186 μένη
204 1107 353 1189 τιτρώσκει
375 1103 513 1186 ἡμῶν
484 1129 536 1179 τας
559 1105 650 1180 ἀκοάς
673 1106 724 1168 καλ
747 1106 802 1186 τὴν
820 1108 954 1188 καρδίαν.
991 1119 1051 1170 ποῦ
1070 1132 1120 1188 μοι

104 1205 141 1266 τὰ
158 1205 332 1286 ’διηγήματα
354 1214 413 1266 τῶν
436 1213 497 1265 σῶν
520 1203 637 1280 πόνωνς
661 1205 776 1285 οἴχεται.
814 1203 1000 1292 κατησχννας
1017 1207 1049 1268 τὸ
1068 1216 1120 1286 τῆς

104 1300 225 1384 ἁγνείας
246 1303 399 1383 καύχημα,
422 1301 568 1382 ἐμωμήσω
596 1311 649 1382 τῆς
672 1304 870 1383 σωφροσύνης
892 1303 924 1364 τὸ
947 1303 1121 1385 ἐπάγγελμα.
1135 1322 1161 1362 ιο

104 1400 269 1481 ἐγενόμεθα
291 1399 407 1482 ἐχθρῶν
431 1397 484 1478 μέν
506 1401 665 1485 τραγῳδία,
688 1401 785 1480 φίλων
809 1399 841 1463 δέ
859 1402 1024 1488 θρηνωδία.
1062 1400 1121 1463 διέ·

104 1517 235 1578 τεμεςφ
212 1497 352 1578 φρόνημα
375 1505 524 1578 μοναχῶν,
546 1496 616 1572 τοὺς
639 1496 862 1580 ἀκριβεστέρους
885 1499 927 1572 είς
951 1500 1049 1579 φόβον
1071 1523 1122 1561 και

105 1597 224 1658 δειλίαν
239 1594 348 1679 ἤγαγες
370 1596 579 1675 θαυμάζοντας
601 1595 642 1656 ἐτι
665 1605 719 1658 τοῦ
742 1597 884 1698 διαβόλου
906 1597 962 1677 την
981 1598 1120 1678 δύναμιν,

103 1694 176 1768 τοὺς
202 1693 456 1775 ἀδιαφόρονςείς
485 1692 644 1767 ἀκολασίας
676 1695 765 1772 ζῆλον
773 1664 967 1774 μετέθηκας.
1015 1695 1120 1769 ἔλυσας

104 1791 178 1852 ὅσον
201 1789 249 1853 ἐπί
271 1791 318 1854 σολ
340 1790 373 1852 τό
395 1800 449 1852 τοῦ
471 1795 602 1874 Χριστοῦ
625 1792 778 1872 καύχημα,
805 1797 952 1912 θαρσεῖτε,
975 1792 1120 1874 λέγοντος,
1135 1812 1160 1852 ισ

104 1887 163 1970 ἐγὼ
185 1892 327 1968 νενίκηκα
349 1889 401 1951 τὸν
423 1889 536 1969 κόσμον
558 1888 658 1950 καλ
631 1913 683 1950 τον
710 1889 816 1951 τούτου
839 1887 975 1971 ἀρχοντα.
1021 1888 1120 1972 ἐκέρα-

104 2003 160 2060 σας
183 1995 218 2071 τῇ
241 1988 360 2069 πατρίδι
381 1996 512 2069 κρατῆρα
536 1987 715 2066 δυσθυμίας.
756 1985 850 2060 όντως
872 1987 915 2060 είς
937 1987 1024 2069 ἔργον
1046 1986 1120 2068 ἤγα-

104 2107 154 2167 γες
177 2084 232 2163 τὴν
254 2086 427 2167 παροιμίαν·
451 2083 492 2159 ὡς
515 2083 625 2163 έλαφος
647 2083 800 2157 τοξευθεὶς
823 2084 866 2156 είς
888 2083 920 2145 τὸ
944 2077 1034 2165 ἧπαρ.

164 2177 260 2244 Ὅθεν
296 2181 423 2263 ἀλλαχοῦ
459 2181 566 2262 κοινὴν
607 2182 781 2262 παραίνεσιν
817 2181 996 2260 ποιούμενος
1031 2180 1120 2242 πόλιν

105 2281 213 2359 φησίν·
247 2281 296 2341 δεῖ
322 2272 377 2341 ούν
409 2277 488 2360 ἡμᾶς
519 2279 615 2341 πολὺν
646 2278 697 2342 καλ
729 2279 865 2340 ποικίλον
896 2277 949 2339 τὸν
978 2278 1119 2360 ούρύνιον
1134 2298 1159 2338 ιο

104 2383 236 2439 πλοῦτον
258 2371 454 2460 συναγαγεῖνς
468 2377 497 2439 εί
518 2378 559 2458 μὴ
581 2375 734 2456 μέλλοιμεν
757 2376 1006 2457 καταισχύνεσθαι
1028 2376 1061 2437 έν
1083 2385 1118 2461 τῇ

104 2476 243 2550 ἐπιδείξει
265 2485 324 2538 τῶν
346 2475 440 2557 έργων
463 2476 495 2536 οί
514 2475 654 2556 λαβόντες
676 2474 708 2536 τδ
731 2475 874 2535 τάλαντον
893 2471 968 2554 μηδὲ
986 2472 1119 2536 ἀκούειν·

105 2575 194 2635 δοῦλε
214 2570 328 2654 πονηρέ
345 2571 396 2634 καί
414 2570 532 2654 ὀκνηρέ,
554 2569 735 2651 ἐνθεμένους
758 2570 789 2633 δὲ
812 2570 847 2632 τά
865 2569 1000 2653 ἀγώγιμα
1022 2571 1120 2650 ἀσφα-

104 2677 164 2745 λῶς
195 2677 357 2753 πειρᾶσθαι
388 2670 443 2751 τὴν
480 2670 559 2750 ζωὴν
590 2671 702 2750 ταύτην
734 2670 886 2751 διαπερᾶν.
931 2668 1034 2733 πολλοὶ
1064 2669 1120 2752 γάρ

104 2767 200 2830 πολλὰ
226 2768 478 2850 συναθροίσαντες
504 2767 537 2830 έκ
558 2768 696 2847 νεότητος
723 2766 790 2850 περὶ
816 2767 852 2828 τὰ
880 2767 953 2848 μέσα
975 2777 1028 2829 τοῦ
1051 2769 1120 2848 βίον
1135 2788 1159 2828 ετ

104 2864 261 2948 γενόμενοι
282 2865 509 2926 ἐπαναστάντων
532 2866 634 2940 αύτοῖς
659 2875 829 2948 πειρασμῶν
852 2865 966 2927 ἐκτῶν
988 2866 1120 2944 πνευμό-

105 2987 166 3025 των
188 2973 240 3044 τῆς
262 2965 408 3046 πονηρίας
431 2963 487 3024 ούκ
508 2961 639 3046 ἤνεγκαν
661 2973 714 3025 τοῦ
737 2973 880 3044 χειμῶνος
902 2963 933 3025 τὸ
957 2963 1048 3044 βάρος
1070 2962 1120 3022 διὰ

180 3177 213 3227 16
230 3172 293 3226 Joh.
309 3177 352 3240 16
367 3177 462 3225 33.-
477 3176 515 3224 18
534 3171 613 3226 Prov
630 3176 655 3240 7,
669 3176 763 3225 211,-
729 3176 888 3239 —19—12
904 3174 965 3235 210,
981 3173 1014 3221 18
1032 3166 1118 3221 Βοετλ

104 3244 138 3298 In
155 3244 245 3313 princ.
260 3244 389 3298 Proverb.
406 3248 447 3298 16
470 3242 610 3313 MigneT.
626 3248 670 3312 31
684 3241 830 3297 4200-
849 3247 882 3294 23
901 3211 1002 3294 Mat'th.
1018 3245 1061 3306 26
1075 3243 1118 3292 26.

181 3419 194 3468 1
214 3411 464 3483 ἐξομολογούμενος
476 3412 503 3466 R
520 3411 832 3481 ἐξανθομολογοόμενος
847 3410 933 3464 Μ.-
954 3415 986 3463 16
1005 3408 1138 3480 ἤγαγες]

105 3484 235 3555 ἐνέβαλες
251 3484 340 3537 V-
358 3489 391 3537 21
411 3484 544 3556 πλούτου]
562 3483 649 3552 ἀρτον
669 3481 777 3536 OF.-
799 3487 832 3534 26
851 3481 944 3537 αύτῶν
963 3479 1024 3534 NB

180 3659 213 3708 16
231 3662 281 3708 τοῦ
300 3671 350 3709 om.
365 3654 395 3707 P.
414 3685 448 3693 —
467 3652 554 3723 λέγων
572 3652 602 3706 P.
623 3684 656 3691 -
677 3656 709 3704 1‘1
729 3647 891 3722 δυσφημίας
908 3650 1003 3704 ΡΒυε.

160 3752 650 3803 θεοτςὶυτλίοιηολιαιεδ.ᾱοΒοοτ.
673 3751 693 3790 1.
927 3745 959 3794 14
1025 3795 1028 3802 .
