2617 3909
535 250 723 302 XPONIKON
1097 249 1138 312 61

123 398 353 479 θριαμβεύουσα
375 399 453 460 οὕτω
472 398 591 476 φάσκει·
614 396 688 479 ἀρχὴ
707 400 847 480 πορνείας
865 398 981 460 ἐπίνοια
1000 399 1140 479 εἰδώλων,

123 497 241 578 εὕρεσις
259 493 291 559 δέ
309 496 408 558 αὐτῶν
426 494 531 578 φθορά
550 497 633 576 ζωῆς.
669 493 735 557 ούτε
754 495 809 578 γὰρ
827 489 867 577 ἦν
885 493 937 558 ἀπ’
954 495 1055 579 ἀρχῆς,
1074 495 1141 559 ούτε

125 596 169 668 είς
191 595 245 658 τόν
266 594 362 656 αἰῶνα
383 594 478 676 ἔσται,
506 595 660 677 κενοδοξία
687 592 719 655 δὲ
742 593 914 676 ἀνθρώπων
933 595 1077 676 εἰσῆλθεν
1099 596 1141 670 εἰς

124 693 179 756 τόν
201 692 321 772 κόσμον.
369 691 419 754 διά
445 701 531 754 τοῦτο
558 691 608 753 καί
635 692 783 772 σύντομον
810 693 908 756 αὐτῶν
935 693 1086 775 ἐπενοήθη
1109 693 1142 755 τὸ

125 789 217 864 τέλος.
257 789 344 875 ἀώρῳ
367 789 423 873 γὰρ
440 789 547 852 πένθει
568 791 747 871 τρυχόμενος
769 791 936 872 πατήρλτού
954 791 1061 873 ταχέως
1083 791 1142 870 ἀφ-
1170 810 1182 851 ι

126 887 300 971 αιρεθίντος
317 887 422 950 τέκνου
440 887 541 951 εἰκόνα
558 889 686 968 ποιήσας
704 888 756 950 τόν
769 910 838 950 ποτε
857 889 962 972 νεκρὸν
979 889 1143 972 όίνθρωπον

125 995 186 1048 νύν
213 984 254 1060 ὣς
281 988 375 1060 ζῶντα
401 986 518 1066 ἐτίμησε
544 984 595 1047 καί
621 985 772 1068 παρέδωκε
798 992 860 1060 τοῖς
881 986 1060 1069 ὑποχειρίοις
1087 1011 1142 1067 μυ-

124 1085 233 1167 στήρια
254 1083 305 1147 καί
326 1085 447 1157 τελετάς.
492 1079 554 1146 εἶτα
575 1083 672 1170 χρόνῳ
694 1083 863 1165 ιιρατυνθέν
889 1085 921 1148 τὸ
944 1083 1047 1166 ἀσεβὲς
1071 1086 1143 1160 έθος

126 1181 171 1256 ὡς
193 1183 285 1262 νόμος
309 1183 507 1262 διεφυλύχθη,
528 1181 580 1243 καλ
598 1183 754 1263 τυράννων
776 1181 925 1264 ἐπιταγαῖς
947 1182 1141 1264 ίθρησιιεύετο
1155 1196 1182 1234 44
1195 1193 1226 1233 Μ·

124 1280 163 1342 τὰ
180 1281 304 1363 γλιπιτοί,
326 1279 378 1342 καί
395 1289 482 1342 τούτο
500 1279 601 1362 γέγονε
618 1287 658 1364 τῷ
673 1281 729 1364 βίῳ
750 1280 792 1354 είς
812 1279 942 1363 ἔνεδρον,
966 1280 1010 1342 ὅτι
1028 1278 1049 1361 ἢ
1067 1298 1142 1359 συμ-
1157 1302 1182 1342 ιο

126 1385 211 1463 φορᾷ
232 1377 253 1459 ἢ
276 1379 431 1459 τυραννίδι
458 1378 669 1452 δουλεύσαντες
696 1376 854 1462 ἅνθρωποι
880 1378 913 1440 νδ
940 1377 1142 1457 ἀκοινώνητον

126 1475 224 1557 ὄνομα
250 1476 349 1550 λίθοις
375 1475 426 1538 καί
453 1476 552 1550 ξύλοις
577 1475 769 1557 περιέθηκαν.
815 1477 878 1538 εἴθε
898 1475 1008 1539 ’τοίνυν
1036 1475 1086 1539 καί
1114 1477 1145 1538 οί

125 1583 187 1636 τῶν
210 1575 353 1636 τοιούτων
374 1572 556 1653 φευδοθέων
581 1574 709 1657 κήρυκες
735 1573 786 1636 καί
813 1575 944 1656 μοίντεις,
971 1576 1093 1654 ποιηταί
1113 1597 1143 1636 τε

125 1670 177 1733 καί
201 1676 391 1753 συγγραφεῖς,
417 1669 517 1743 ἀπλῶς
539 1665 615 1732 εἶναι
637 1671 731 1746 θεοὺς
752 1672 984 1755 γεγραφήκασιν,
1005 1671 1079 1734 ἀλλὰ
1102 1672 1142 1752 μὴ

125 1769 179 1831 καί
209 1769 262 1843 τάς
287 1769 408 1852 πράξεις
439 1767 538 1830 αὐτῶν
569 1769 644 1851 πρὸς
673 1769 789 1851 ἔλεγχον
819 1779 873 1850 τῆς
901 1769 1063 1850 ἀθεότητος
1092 1769 1143 1832 καὶ
1157 1789 1182 1832 ιι

126 1868 321 1950 αίσχροποιοῦ
343 1867 489 1940 πολιτείας
511 1865 690 1949 ἀνέγραφον.
731 1867 781 1929 καί
803 1867 859 1950 γάρ
877 1868 947 1942 τοὺς
964 1867 1144 1941 ἀκολάστους

126 1966 238 2048 ἔρωτας
260 1963 310 2027 καί
332 1964 483 2047 ἀσελγείας
505 1974 559 2026 τοῦ
581 1965 656 2039 Διὸς
683 1964 733 2026 καί
760 1967 984 2048 παιδοφθορίας
1011 1965 1061 2027 καί
1085 1976 1144 2027 τῶν

125 2062 225 2126 όίλλων
252 2064 429 2142 ζηλοτυπίας
448 2063 529 2143 ,πρὸς
556 2058 672 2142 ἡδονὴν
699 2073 758 2124 τῶν
785 2069 916 2143 θηλειῶν
947 2063 996 2125 καλ
1028 2063 1144 2144 φόβους

126 2161 178 2223 καλ
206 2162 316 2234 δειλίας
341 2160 393 2222 καί
419 2160 471 2235 τάς
493 2158 582 2233 ἀλλας
604 2162 710 2234 κακίας
736 2159 825 2223 ούδὲν
852 2159 950 2243 ἕτερον
976 2159 997 2242 ἢ
1019 2160 1143 2234 έαιποδις

126 2258 306 2342 ἐλέγχουσιν,
325 2256 366 2331 ὡς
383 2259 420 2321 ού
438 2258 532 2339 μόνον
550 2257 588 2320 ού
605 2257 674 2338 περί
691 2264 773 2320 θεῶν
792 2260 975 2341 διηγοῦνται,
995 2252 1058 2320 ἀλλ’
1073 2257 1143 2321 οὐδὲ
1157 2278 1183 2319 ιο

126 2356 195 2439 περὶ
214 2366 330 2436 σεμνῶν
347 2355 527 2438 ἀνθρώπων.
561 2355 594 2417 έκ
611 2353 666 2434 μὲν
683 2356 739 2440 γὰρ
753 2357 826 2429 Διὸς
844 2357 899 2436 τὴν
917 2356 1143 2439 παιδοφθορίαν

126 2454 179 2517 καί
201 2453 258 2532 τὴν
280 2455 426 2535 μοιχείαν,
454 2454 486 2516 έκ
513 2451 545 2516 δέ
565 2449 744 2535 Ἀφροδίτης
770 2455 826 2535 την
852 2455 1007 2536 πορνείαν,
1034 2453 1084 2516 καί
1111 2453 1143 2516 έιι

128 2552 184 2634 μὲν
196 2547 283 2625 ,Ῥέας
304 2553 360 2632 τὴν
381 2551 547 2635 ἀσέλγειαν,
574 2553 606 2615 ἐκ
629 2553 663 2616 δὲ
678 2552 788 2634 ’Ἄρεως
809 2552 879 2625 τοὺς
902 2552 1017 2631 φόνους
1038 2550 1089 2614 καί
1111 2552 1143 2615 έιι

128 2652 282 2713 Διονύσου
304 2651 360 2731 τὴν
378 2651 574 2734 οἰνοφλυγίαν
596 2651 646 2713 καλ
669 2651 699 2726 ἐξ
717 2649 814 2712 ἀλλων
836 2648 908 2711 όίλλα
930 2651 1052 2712 τοιαῦταί
1069 2668 1143 2730 φασι

127 2748 186 2827 τὴν
208 2747 303 2830 ἀρχὴν
324 2747 485 2828 εἰληφέναι.
531 2743 594 2810 ἀλλ’
615 2749 671 2811 ούκ
694 2747 806 2830 όίδηλον
833 2754 894 2822 τοῖς
916 2758 992 2811 νοῦν
1014 2749 1142 2831 ἔχουσιν,
1156 2767 1181 2808 ει

202 2961 272 3008 2-9
292 2955 533 3026 Sap.14,12sqq.
553 2988 588 2996 -
608 2957 770 3011 10-1221.
790 2961 831 3011 21.
852 2988 886 2998 -
907 2961 1019 3011 12-21
1038 2955 1141 3008 Αίδαο.

129 3028 166 3082 ib.
184 3032 216 3081 15
236 3027 332 3097 Migne
348 3032 381 3081 82
393 3025 421 3082 0.
439 3059 473 3067 -
493 3032 597 3082 21-25
616 3029 651 3083 ib.
667 3033 701 3081 26
720 3027 816 3099 Migne
834 3026 909 3081 5213.
924 3059 960 3068 -
977 3031 1083 3080 23-24
1100 3025 1143 3081 De

129 3097 256 3166 Dionyso
281 3097 345 3152 add.
370 3114 403 3151 ex
426 3097 529 3152 Αίδαο.
553 3099 589 3153 de
611 3097 805 3154 incarnatione
823 3104 858 3152 49
881 3095 1143 3170 Mign0184c.-

130 3176 237 3240 25—1).
253 3175 296 3236 62,
316 3174 331 3223 7
350 3169 453 3225 Αίδαο.
468 3171 518 3223 etr.
533 3171 631 3240 gentes
651 3174 684 3224 1⁷
703 3170 798 3241 Migne
817 3175 850 3223 36
865 3168 893 3224 C.

202 3353 219 3401 8
238 3347 381 3417 κρατηθέν
394 3345 489 3401 GHR.
504 3379 539 3390 -
559 3353 591 3402 13
609 3350 780 3416 ψευδοθεῶν
793 3346 871 3401 AFG
888 3349 1003 3415 ψευδῶν
1021 3348 1098 3401 θεῶν
1112 3346 1141 3400 L.

129 3450 165 3460 -
186 3424 220 3473 14
239 3418 288 3490 μὴ]
307 3418 362 3488 μὴν
379 3419 442 3472 AR.
462 3451 497 3459 —
521 3423 554 3472 15
577 3420 626 3472 καὶ
648 3425 712 3474 ante
734 3419 784 3481 τὰς
806 3436 855 3474 om.
876 3416 933 3471 GL.
954 3450 987 3459 -
1013 3422 1045 3472 1⁸1
1064 3419 1142 3473 ἀσελ-

131 3487 210 3560 γείας
241 3490 422 3559 διηγούμενοι
451 3497 501 3544 τοῦ
532 3490 602 3554 Διὸς
628 3490 694 3544 Ath.
727 3521 761 3530 -
795 3494 828 3543 18
858 3491 981 3558 θηλειῶν
1009 3487 1059 3543 GV
1089 3492 1142 3558 θη-

130 3558 362 3686 hlmffDFPR
383 3564 506 3632 θηλείοιν
528 3560 574 3616 Ac
596 3558 706 3629 θηλίων
730 3559 796 3614 ΜΗ.
825 3592 860 3600 -
888 3566 921 3614 22
949 3561 998 3615 καλ
1022 3567 1086 3616 ante
1112 3559 1142 3614 ἐκ

131 3649 182 3688 om.
248 3675 254 3686 .
