2617 3909
549 223 737 274 XPONIKON
1087 221 1149 285 167

141 380 267 450 πνεῦμα.
308 365 370 432 ἀλλ’
388 361 444 432 οόν
461 393 494 451 χε
511 370 640 443 πατάξας
658 370 709 432 τὸν
728 369 897 447 ἀλλόφυλον
914 371 1039 451 Γολιάθ,
1060 369 1093 446 ὃς
1111 362 1152 450 ἦν

141 478 178 553 τῇ
210 465 309 553 ἡλικία
340 477 444 548 πηχῶν
474 469 622 548 τεσσάρων
652 470 685 530 τὸ
716 469 797 547 ὕψος
826 469 875 530 καί
902 475 1070 550 σπιθαμῆς,
1102 467 1152 530 καί

141 568 355 646 περικεφαλαία
376 571 468 646 χαλκῆ
490 565 539 627 ἐπὶ
555 575 608 644 τῆς
628 572 759 646 κεφαλῆς
778 566 880 648 αὐτοῦ,
903 567 953 630 καί
970 566 1152 630 ἁλυσιδωτὸν
1198 599 1199 604 ¹

142 665 268 744 θώρακα
290 663 495 745 περιεβέβλητο
517 664 649 747 χιλιάδας
671 663 774 744 ἔχοντα
796 662 823 726 ε’
841 666 949 728 σίκλων
971 671 1079 747 χαλκοῶ
1102 663 1152 726 καὶ

142 763 282 843 σιδήρου,
309 761 359 823 καί
385 763 527 841 κνημῖδες
553 766 662 841 χαλκαῖ
683 760 732 822 ἐπί
754 772 813 823 τῶν
835 769 945 825 σκελῶν
967 765 1073 845 αάτοῦ,
1101 760 1151 824 καί
1178 780 1192 822 σ

143 860 177 921 τὸ
200 860 288 935 ξόλον
311 869 364 921 τοῦ
387 858 509 942 δόρατος
531 859 624 922 αὐτοῦ
647 857 688 934 ὡς
709 858 811 922 ἀντίον
833 859 1037 943 όφαινόντων,
1060 857 1151 939 καὶὴ

142 951 189 1019 ἐπ’
215 958 295 1042 αὐτῷ
317 956 406 1039 λόχχη
424 957 583 1032 ἑξακοσίων
603 959 712 1019 σίκλων
729 958 864 1040 σιδήρου,
886 958 937 1020 καί
954 958 1042 1034 ἀσπίς
1060 965 1151 1041 χαλκῆ

142 1054 202 1117 άνά
224 1055 313 1136 μέσον
335 1065 395 1117 τῶν
417 1055 507 1135 ὤμων
528 1055 632 1136 αὐτοῦ,
654 1054 705 1117 καί
727 1055 778 1116 διὰ
796 1065 882 1117 τοῦτο
905 1054 1152 1139 ἔπιχαμβρεαθελς

141 1160 182 1237 τῷ
201 1153 303 1215 Σαοὺλ
324 1151 375 1213 καί
402 1152 575 1233 φθονηθεὶς
601 1153 748 1235 προφάσει
772 1161 831 1214 τῶν
857 1163 1033 1235 χορεντριῶν
1055 1153 1152 1216 ἕνεκεν

142 1260 196 1330 τῆς
213 1250 373 1332 εὐφημίας,
394 1243 432 1330 ἧς
450 1250 561 1336 ἐπῇδον
580 1250 666 1335 αὐτῷ,
684 1249 893 1333 ἀποδιδράσκει
911 1245 962 1312 ἀπ’
984 1252 1086 1331 αὐτοῦ,
1106 1252 1152 1313 ὅτε
1167 1269 1193 1310 ιο

141 1347 193 1410 καί
219 1349 289 1424 τοὺς
315 1346 421 1429 ἀρτοος
448 1348 539 1430 ἔφαγε
566 1358 619 1428 τῆς
644 1348 814 1430 προθέσεως
840 1348 873 1410 ἐκ
895 1348 989 1430 χειρὸς
1008 1345 1153 1430 ’Λχιμίλεχ

140 1455 194 1508 τοῦ
216 1445 378 1528 ἀρχιερέως.
422 1444 489 1526 περί
511 1439 548 1507 οὗ
570 1445 678 1508 Σαοὺλ
699 1445 855 1525 θυμωθείς
875 1445 925 1508 καὶ
946 1445 1152 1528 ἀγανακτήσας

137 1542 235 1607 ἀνεῖλε
257 1543 309 1605 τὸν
328 1538 475 1624 Ἀχιμίλεχ
497 1543 548 1605 διά
569 1544 664 1625 χειρὸς
685 1542 778 1622 Δωὴκ
799 1554 852 1606 τοῦ
875 1544 980 1627 Σύρον
1003 1544 1053 1606 καί
1074 1545 1150 1605 πάν-

138 1666 191 1716 τας
213 1641 282 1716 τοδις
309 1635 369 1720 μετ’
394 1640 487 1703 αότοῶ
514 1643 600 1724 ίερεῖς
626 1642 733 1722 κνρίοο
760 1639 871 1723 ἀνδρας
893 1640 951 1724 τν’,
975 1642 1011 1704 οό
1035 1642 1095 1724 μὴν
1118 1641 1153 1704 δὲ

139 1738 214 1800 ἀλλά
239 1738 289 1800 καί
315 1749 414 1800 πᾶσαν
440 1738 496 1818 τὴν
521 1740 608 1802 πόλιν
635 1749 695 1801 τῶν
725 1739 826 1822 ἱερέων
848 1740 978 1821 Νομβάν
1009 1740 1151 1816 ἐπάταξεν
1167 1756 1193 1798 ιο

139 1836 173 1898 ἐν
194 1835 315 1915 στόματι
336 1837 487 1917 ῥομφαίας
508 1835 568 1900 ἀπὸ
596 1836 706 1917 ἀνδρὸς
728 1837 783 1913 ἕως
805 1838 946 1920 χννατκδς
967 1838 1018 1900 καὶ
1040 1840 1152 1918 νηπίου

138 1935 322 2014 θηλάζοντος
351 1932 401 1995 καί
433 1933 544 2016 μόσχον
573 1934 623 1996 καί
655 1933 728 1997 όνοα
760 1934 810 1996 καί
840 1936 1006 2017 προβάτων,
1035 1935 1086 1997 καί
1113 1936 1153 1998 οό

140 2033 320 2112 κατελείφθη
343 2031 373 2106 ἐξ
396 2031 495 2094 αὐτῶν
517 2029 587 2094 οόδὲ
604 2026 648 2106 εἷς
668 2031 746 2110 πλὴν
761 2028 907 2115 Ἀβιάθαρ
926 2033 992 2106 οίδς
1007 2027 1153 2115 Ἀχιμίλεχ

138 2127 246 2210 φαγὼν
277 2130 352 2213 πρὸς
382 2130 434 2192 τὸν
464 2130 571 2191 Δαοίδ.
622 2129 698 2208 αὕτη
730 2138 783 2190 τοῦ
814 2129 917 2190 Σαοὺλ
943 2125 963 2208 ἡ
996 2131 1153 2208 μιαιφονία

138 2235 243 2287 πασῶν
265 2236 324 2288 τῶν
346 2225 443 2289 ἀλλων
463 2225 680 2306 ἁμαρτημάτων
699 2226 915 2308 δοσσεβεστέρα.
952 2236 1005 2288 τοῦ
1024 2225 1078 2306 μὲν
1095 2226 1151 2308 γάρ
1167 2245 1194 2284 το

141 2329 219 2385 θεοῦ
249 2325 474 2406 προστεταχότος
505 2322 601 2405 ἀρδην
632 2323 841 2405 ἐξολοθρεῶσαι
867 2322 919 2384 τὸν
943 2318 1087 2405 Ἀμαλήκ,
1116 2323 1153 2386 οὐ

138 2419 233 2500 μόνον
250 2421 303 2482 τὸν
313 2418 406 2504 ’Ἁχαχ
424 2420 571 2503 διέσωσεν,
589 2420 663 2483 ἀλλά
680 2420 731 2482 καί
750 2420 805 2483 όσα
818 2412 858 2500 ἦν
876 2421 968 2484 αὐτοῦ
986 2419 1152 2503 ἀξιόκτητα,

137 2527 192 2579 τοῦ
214 2517 247 2580 δὲ
268 2524 372 2599 θυμοῦ
394 2520 596 2600 κεκινηκότος,
623 2518 660 2580 οά
689 2519 783 2598 μόνον
804 2519 874 2593 τοὺς
897 2519 982 2599 ἱερεῖς
1005 2517 1151 2581 κατέκτει-

137 2638 201 2696 νεν,
223 2614 296 2678 ἀλλά
317 2615 368 2677 καί
389 2615 445 2695 τὴν
471 2617 558 2678 πόλιν
587 2614 755 2699 αὔτανδρον
782 2614 959 2698 διέφθειρεν.
1007 2618 1152 2680 καταδιώ-

212 2776 226 2824 1
253 2771 274 2823 Ι.
354 2775 546 2840 g.1'1‚43qq.
576 2803 610 2812 -
638 2776 752 2824 19-24
775 2769 941 2826 Theodoret.
965 2770 996 2824 in
1020 2770 1041 2824 I.
1061 2771 1150 2842 Regg.

137 2840 251 2906 ῶυιιιι.
267 2847 301 2896 ιτ
351 2842 415 2913 ‘gno
434 2840 510 2897 Tom.
526 2846 568 2908 80,
583 2847 634 2896 τττ
645 2842 684 2908 A.¹

213 2963 227 3012 1
246 2955 356 3028 χωλιάθ
369 2955 394 3009 A
412 2955 512 3027 χολιάδ
525 2955 602 3011 OLP.
617 2989 651 2998 -
671 2950 706 3027 ἦν
724 2973 774 3012 om.
789 2957 812 3010 Β
829 2963 892 3026 βοαί
907 2956 1002 3026 ἡλικία
1016 2957 1069 3012 im.
1084 2955 1153 3009 HM.

140 3059 174 3068 -
194 3034 211 3081 4
230 3031 330 3084 σικλῶν
347 3026 430 3083 πέντε
448 3027 483 3081 Ν.
508 3059 541 3068 -
565 3030 666 3082 τικλῶν
689 3027 768 3084 codd.
784 3035 895 3098 praeter
913 3011 993 3082 ERV
1004 3029 1068 3081 ι’τιηι
1086 3043 1111 3081 ο.
1129 3030 1154 3079 7,

139 3131 174 3139 -
194 3104 210 3152 6
227 3107 278 3154 τοῦ
297 3097 418 3168 δόρατος
439 3099 527 3153 αίτοῦ
550 3115 600 3154 σοι.
619 3098 677 3153 AG.
698 3130 731 3139 —
757 3105 788 3152 11
814 3098 925 3171 ἀβιμίλε
964 3097 1045 3152 FNR
1066 3104 1092 3152 et
1114 3099 1155 3152 εόο

138 3171 271 3241 deinceps.
297 3201 331 3210 -
357 3176 389 3224 14
410 3169 494 3238 τη’Β
521 3169 572 3224 ον’
589 3169 622 3223 R.
642 3201 677 3210 -
697 3176 730 3225 15
749 3171 856 3241 νομβῶν
876 3121 976 3223 ΑβάιΜ
1001 3187 1054 3238 νομ
1073 3167 1153 3238 ἀμΡ

138 3249 248 3311 νομρᾶν
262 3240 292 3295 Β.
309 3273 342 3281 -
359 3245 392 3294 16
406 3238 546 3313 μαχαίρας
559 3240 680 3296 ABGM.
696 3272 729 3281 -
747 3237 851 3310 νηπίαν
864 3242 914 3295 καί
927 3238 1024 3310 θηλάζ.
1069 3238 1102 3292 D.
1118 3270 1155 3280 -

139 3353 173 3401 τι
192 3346 265 3418 τμη
283 3345 398 3401 nonu
414 3378 448 3387 -
466 3348 543 3421 περ
557 3346 611 3400 HL
630 3331 669 3403 ιλ
686 3347 717 3401 Β.

212 3459 228 3507 9
247 3452 387 3522 προφάσει
400 3460 450 3523 τῆς
461 3462 518 3508 τῶν
533 3472 591 3524 χορ.
607 3451 747 3524 εὐφημίας
759 3453 789 3506 P.
805 3485 839 3493 -
860 3458 892 3507 10
911 3448 944 3520 ἧς
958 3453 1064 3525 ἐπῇδον
1078 3454 1155 3508 αδτῶ

140 3541 191 3579 οτι.
206 3523 235 3579 Ρ.
251 3555 285 3565 -
306 3528 339 3578 18
358 3524 425 3579 οὐδὲ
443 3520 484 3587 εἷς
496 3541 546 3579 om.
562 3524 591 3578 Ρ.
607 3556 641 3566 -
661 3530 694 3579 19
712 3523 731 3651 χ
749 3541 799 3579 om.
814 3524 843 3578 P.
859 3555 892 3566 -
913 3529 947 3578 20
966 3524 1108 3594 ἁμαρτιῶν
1122 3508 1153 3578 Ρ.

141 3627 175 3635 -
194 3601 228 3650 22
248 3596 335 3650 αότοῦ
354 3611 404 3652 om.
419 3595 555 3652 PTheod.
576 3628 609 3636 —
628 3602 663 3651 24
682 3597 711 3650 δι
727 3599 847 3666 φθειρεν
865 3596 902 3660 ὡς
920 3595 1028 3666 είρηται
1045 3596 1076 3649 Ρ.
