2617 3909
560 227 748 277 XPONIKON
889 279 890 282 ,
1120 224 1161 288 21

274 367 337 451 [ιδ’.
371 372 460 455 Περὶ
479 367 709 454 Ἀρταξέρξου
731 381 793 434 τοῦ
816 369 1039 454 Μνήμονος]

217 498 305 559 Μετὰ
329 496 360 560 δὲ
379 499 549 578 Καμβύσην
571 497 758 577 ἐβασίλευσεν
773 493 962 580 Ἀρταξέρξης
984 496 1000 559 δ
1020 498 1165 577 Μνήμων

149 595 305 676 λεγόμενος
323 596 372 675 ἐτη
391 593 430 656 κ’.
467 591 516 675 ἐφ’
538 589 575 658 οὗ
596 588 635 675 ήν
653 619 697 668 τις
715 589 868 680 ένἸταλίμ
888 596 1005 658 ἰθύνων
1023 596 1164 678 ἐπαρχίαν

150 694 221 773 μίαν
241 691 362 772 όνόματι
380 695 494 773 Πάλας,
516 690 550 767 ὃς
567 695 669 767 κτίσας
687 688 770 754 οἷκον
793 692 884 775 μέγαν
907 695 998 774 πάνυ,
1021 689 1086 756 οἷον
1109 693 1165 756 ούκ
1179 708 1204 747 1⁵
1218 707 1248 746 M·

148 785 225 870 εἶχεν
248 789 267 871 ή
291 792 450 873 περίχωρος
472 791 580 871 ἐκείνη,
603 791 738 854 ἐκάλεσεν
760 792 851 854 αὐτὸν
874 793 1033 855 Παλάτιον.
1074 792 1104 866 έξ
1127 786 1164 854 οὗ
1192 814 1204 853 τ

149 888 183 950 τὸ
206 890 358 968 βασιλικὸν
380 890 607 972 κατοικητήριον
628 890 771 951 παλάτιον
794 891 1047 973 προσαγορεύεται.

365 1063 426 1149 [ιε’.
459 1067 548 1148 Περί
568 1061 697 1147 Ῥώμον
720 1067 778 1128 καὶ
796 1062 947 1149 Ῥήμον]

218 1191 306 1253 Μετὰ
329 1190 361 1254 δὲ
384 1200 475 1252 ταῦτα
497 1191 665 1272 ἐβασίλευσε
684 1185 792 1271 Ῥῶμος
816 1189 831 1252 ὅ
854 1193 955 1266 κτίσας
977 1192 1032 1271 τήν
1051 1185 1165 1272 Ῥώμην

150 1289 200 1351 καλ
213 1285 320 1370 Ῥήμος
339 1287 355 1350 ὅ
373 1288 502 1368 ἀδελφὸς
525 1289 625 1351 αὐτοῦ.
668 1290 773 1362 οἵτινες
795 1287 963 1351 άνενέωσαν
981 1289 1031 1350 καὶ
1049 1307 1165 1375 προοιμ-

150 1389 323 1468 κοδόμησαν
350 1387 381 1449 τὸ
405 1387 562 1469 λεγόμενον
584 1388 737 1449 Παλάτιον
763 1388 815 1449 τὸν
843 1387 996 1467 βασιλικὸν
1023 1397 1076 1449 τοῦ
1099 1391 1165 1448 Πα-
1180 1409 1205 1449 ιο

150 1487 252 1547 λατίον
280 1480 378 1566 οἷκον,
405 1484 455 1546 καί
481 1485 556 1547 ναὸν
583 1485 718 1567 μέγιστον
745 1491 784 1570 τῷ
804 1486 860 1546 Διί
878 1487 1027 1560 κτίσαντες
1053 1485 1166 1548 ἐπωνό-

151 1602 249 1663 μασαν
276 1583 368 1646 αύτδν
390 1584 581 1645 Καπετώλιον
599 1579 726 1663 Ῥώμης,
755 1583 772 1644 ό
799 1582 858 1645 ἐστι
883 1582 1024 1666 ῥωμαϊστὶ
1051 1585 1165 1662 κεφαλή

151 1691 204 1761 τής
227 1681 346 1754 πόλεως,
390 1679 422 1741 ἐν
445 1679 477 1743 δέ
500 1687 539 1766 τῷ
559 1682 725 1761 βασιλεύειν
748 1682 790 1755 εἰς
812 1681 923 1762 ἔχθραν
946 1682 1093 1762 ἐλθόντες,
1117 1681 1167 1742 καλ

151 1779 302 1857 φονεύσας
320 1772 429 1858 Ῥῶμος
455 1778 507 1840 τὸν
531 1774 639 1859 Ῥήμον
666 1778 833 1859 ἐβασίλευσε
861 1779 959 1859 μόνος.
1005 1774 1065 1841 εἶτα
1092 1785 1167 1858 πλη-

152 1878 249 1958 ρώσας
272 1876 307 1936 τὰ
330 1878 408 1958 τείχη
431 1875 483 1937 καὶ
503 1877 656 1956 κοσμήσας
678 1877 734 1957 τήν
756 1876 843 1938 πόλιν
865 1877 915 1938 καὶ
938 1877 1072 1962 τῷ’Ἇρεἰ’
1091 1878 1167 1939 ναὸν
1181 1897 1206 1938 15

152 1976 253 2047 κτίσας
282 1974 332 2036 καί
359 1973 392 2036 ἐν
414 1981 453 2058 τῷ
473 1976 601 2058 Μαρτίῳ
630 1973 702 2053 μηνὶ
729 1984 834 2036 τοῦτον
857 1974 1025 2056 ἐγκαινίσας
1052 1974 1167 2036 ἐκάλεσε

150 2070 202 2132 καλ
225 2071 276 2133 τὸν
300 2081 381 2152 μήνα
399 2072 539 2153 Μάρτιον
561 2072 613 2135 τὸν
636 2071 707 2153 πρὶν
725 2073 882 2154 λεγόμενον
901 2074 1030 2155 Πρίμον,
1054 2072 1071 2133 ό
1089 2072 1167 2134 ἐστιν

143 2169 267 2252 Ἄρεως,
284 2170 379 2251 ήνπερ
397 2169 502 2251 ἑορτήν
520 2171 553 2232 οί
562 2165 700 2248 Ῥωμαῖοι
718 2163 781 2230 κατ’
802 2169 865 2242 ἐτος
884 2169 1080 2242 ἐπιτελοῦντες
1099 2167 1167 2230 όνο-

152 2269 277 2347 μάζούσι
309 2269 363 2347 τήν
391 2265 504 2350 ήμέραν
532 2277 584 2348 τής
611 2267 806 2349 πανηγύρεως
833 2268 953 2350 Μάρτις
980 2267 1012 2328 ἐν
1039 2267 1165 2352 Κάμπην.

151 2365 244 2427 ἔκτισε
276 2363 308 2427 δὲ
337 2363 387 2427 καλ
415 2365 538 2427 ἱππικὸν
565 2364 663 2426 θέλων
691 2365 879 2426 διασκεδάσαι
908 2365 940 2426 τὸ
968 2370 1087 2445 πλῆθος
1113 2375 1166 2426 τοῦ
1180 2387 1206 2428 ιο

152 2464 251 2542 δήμου
274 2473 332 2524 τῶν
351 2457 516 2544 Ῥωμαίων,
545 2463 590 2525 ότι
612 2464 812 2537 στασιάζοντες
835 2462 996 2545 ἐπήρχοντο
1019 2463 1098 2548 αύτῷ
1117 2463 1167 2524 διὰ

151 2560 204 2622 τδν
223 2560 320 2640 φόνον
343 2571 395 2622 τοῦ
413 2560 553 2639 ἀδελφοῦ.
595 2560 645 2623 καλ
666 2559 808 2623 ἐπετέλεσε
831 2571 945 2641 πρῶτος
968 2561 1167 2643 ἱπποδρόμιον

151 2659 185 2721 ἐν
202 2653 298 2742 Ῥώμη
322 2659 364 2732 είς
387 2658 506 2742 έορτήν,
530 2660 639 2739 φησίν,
661 2667 714 2720 τοῦ
732 2653 837 2720 Ἡλίου
861 2658 910 2720 καὶ
933 2659 974 2732 είς
997 2660 1084 2739 τιμήν
1108 2669 1167 2720 τῶν

151 2757 299 2836 τεσσάρων
322 2758 481 2837 στοιχείων,
503 2766 574 2838 χής,
599 2755 699 2837 άέρος,
726 2755 821 2837 πυρός
843 2779 871 2818 τε
894 2756 944 2817 καλ
967 2758 1089 2838 λίδατος,
1116 2755 1166 2818 καὶ

136 2936 146 2954 x
224 2915 307 2963 3-6
330 2909 630 2979 Μο1.μ.168,13ηρ.
661 2941 694 2949 -—
724 2915 811 2978 7—12.
831 2915 877 2976 22,
897 2915 931 2963 22
959 2911 1024 2964 Μελ.
1049 2927 1079 2980 p.
1105 2915 1165 2978 171,

153 2987 232 3051 1εηη.
252 2981 349 3036 ordine
366 2982 479 3037 inverso.

224 3121 240 3168 3
258 3118 366 3178 παλλᾶς
383 3123 409 3170 et
422 3120 502 3184 bsqq.
521 3113 675 3169 παλλάτιον
690 3117 732 3184 (ut
745 3115 823 3185 Mal.)
837 3115 869 3168 V.
889 3146 924 3155 —
943 3121 960 3168 4
979 3113 1049 3184 μέγα
1063 3111 1166 3166 ABFH

151 3193 176 3241 εί
193 3191 226 3240 ut
243 3187 298 3240 vid.
314 3185 347 3240 V.
367 3217 401 3228 ·-
425 3191 441 3238 9
460 3187 672 3250 άνανεώσαντες
689 3187 739 3241 καλ
756 3185 1056 3256 προσωκοδομήσαντες
1076 3183 1110 3238 N.
1130 3215 1165 3224 -—

152 3264 186 3312 12
205 3258 375 3312 καπιτώλιον
390 3255 446 3311 GV.
462 3288 496 3296 —
517 3261 549 3311 17
568 3257 618 3311 καλ
635 3274 686 3312 om.
701 3257 758 3312 BF.
775 3290 808 3298 —
827 3263 938 3326 πρήμον
951 3255 978 3308 N
997 3253 1117 3326 πρέμνον
1131 3256 1164 3309 R.

150 3361 186 3370 —
212 3333 244 3382 18
268 3329 352 3397 άρεος
368 3327 476 3382 ABFG.
497 3360 531 3368 —
554 3325 616 3382 κατ’
643 3329 705 3391 ἔτος
726 3345 776 3384 om.
795 3328 829 3384 N.
852 3360 885 3369 -
911 3333 943 3381 19
967 3326 1065 3397 μάρτις
1087 3326 1164 3380 ODF

151 3399 257 3469 μάρτης
275 3398 486 3469 ΑΗΡἾμάρτυς
503 3399 527 3452 Β
551 3399 668 3470 μάρτιον
686 3399 718 3454 R.

223 3538 240 3587 5
259 3532 446 3588 παλάτειονΡ
464 3539 489 3588 et
506 3535 546 3588 sie
563 3534 694 3602 deinceps.
710 3564 744 3572 -
764 3537 780 3585 8
800 3531 814 3586 δ
834 3528 945 3600 κτίστης
954 3529 1058 3600 Ῥώμης
1071 3530 1164 3584 ΡΜοΙ.

152 3636 187 3655 .-
208 3610 242 3659 10
260 3612 311 3659 τοῦ
329 3603 478 3667 Πάλαντος
495 3604 593 3657 PMal.
614 3636 647 3643 -
668 3609 701 3658 16
721 3603 752 3658 ἐν
769 3603 808 3662 τῷ
826 3603 891 3672 μηνί
910 3600 1015 3674 μαρτίῳ
1034 3601 1064 3656 P.
1176 3649 1182 3656 .
