2617 3909
502 231 691 282 XPONIKON
1062 228 1103 292 91

93 402 163 460 οχον
189 378 280 440 θύειν
306 377 454 461 ἐπιθυμίᾳ
479 376 530 438 καί
556 383 647 462 θυμηῖ
671 376 721 439 καὶ
748 383 843 462 κλοπή
871 376 921 438 καί
948 376 1028 460 μέθη
1056 376 1105 438 καὶ

93 482 154 550 τοῖς
179 474 280 549 ἄλλοις
305 476 436 537 πάθεσιν
462 473 596 554 ἀνοήτως
621 477 802 538 πεπείκασιν.
847 474 930 537 άλλοι
957 473 989 536 δέ
1016 475 1106 536 πάλιν

94 572 182 637 ούδέν
214 571 288 656 ύπέρ
322 573 359 634 τά
395 570 530 654 δρώμενα
565 583 673 652 νοῆσαι
709 572 909 654 δυνηθέντες,Ι
941 572 1014 634 ἀλλὰ
1044 579 1106 646 τοῖς

93 673 249 751 αἰσθητοῖς
270 670 323 733 τὸν
345 681 421 732 νοῦν
446 669 701 754 ἐγκαθείρξαντες,
728 671 764 732 τὰ
786 678 848 746 τοῖς
870 670 1041 750 ὀφθαλμοῖς
1063 671 1106 745 εἰς

92 771 224 852 θεωρίαν
254 770 433 853 προκείμενα
463 768 556 843 θεοὺς
587 768 831 852 προσηγόρευσαν
862 768 912 830 καί
939 767 971 830 τὸ
999 769 1105 831 σεπτὸν
1133 789 1145 830 σ

21 915 24 919 .
92 865 186 946 όνομα
217 866 268 928 καί
300 868 412 949 φρίκην
443 866 588 946 ἐμποιοῦν
618 874 681 940 τοῖς
713 866 875 930 ἀκούουσιν
905 868 938 929 οῖ
962 865 1016 946 μέν
1043 872 1105 941 τοῖς

92 966 257 1045 στοιχείοις,
284 965 317 1026 οῖ
341 961 374 1026 δὲ
402 963 499 1046 μέρεσι
521 965 633 1026 τούτων
657 963 817 1046 ἐπέθεσαν,
844 963 895 1025 καί
918 965 950 1026 οῖ
970 961 1023 1044 μέν
1045 962 1105 1025 ἀπὸ

91 1062 274 1142 ταύτομάτου
305 1068 484 1144 γεγενῆσθαι
511 1063 563 1125 τδν
589 1061 716 1143 κόσμον,
744 1063 776 1124 οῖ
801 1060 833 1124 δὲ
860 1061 987 1134 πολλούς
1013 1061 1105 1135 θεούς

91 1155 162 1221 ἀνθ’
189 1159 256 1232 ἑνὸς
283 1159 530 1240 ἐφαντάσθησαν,
558 1158 737 1239 καλοῖμεν
761 1157 835 1240 μηδὲ
858 1153 934 1220 εἶναι
956 1164 1105 1232 παντελῶς

91 1257 123 1318 τὸ
145 1263 245 1338 θεῖον,
268 1259 300 1318 οί
320 1254 352 1319 δέ
374 1251 452 1318 εἶναι
474 1256 537 1338 μέν,
560 1257 684 1330 ούδενὸς
707 1256 740 1319 δὲ
762 1268 821 1320 τῶν
845 1255 940 1320 όντων
962 1257 1103 1335 ἐπιμελεῖ·
1118 1277 1144 1317 ιο

90 1361 174 1436 σθαι,
198 1357 230 1416 οί
245 1353 277 1417 δὲ
299 1355 500 1433 ἐπιμελεῖσθαι
518 1353 572 1434 μέν
590 1355 717 1436 έφασαν,
739 1353 938 1437 σμικρολόγως
961 1352 993 1416 δὲ
1016 1362 1102 1415 τοῦτο

90 1459 198 1533 ποιεῖν,
216 1452 266 1514 καὶ
283 1462 319 1538 τῇ
338 1453 447 1536 σελήνη
466 1454 639 1535 περιορίζειν
652 1453 708 1532 τήν
722 1452 877 1535 πρόνοιαν,
894 1453 927 1516 τὸ
947 1450 979 1513 δέ
998 1450 1103 1513 λοιπὸν

90 1560 142 1612 τοῦ
155 1550 270 1630 κόσμου
285 1549 372 1632 μέρος
386 1547 427 1622 ὡς
440 1549 520 1630 ἔτυχε
530 1548 675 1634 φέρεσθαι
684 1559 719 1635 τῇ
730 1560 783 1630 τῆς
795 1548 974 1633 εἱμαρμένης
987 1548 1103 1633 ἀνάγκη

90 1649 243 1711 δουλεύειν
254 1646 458 1729 βεβιασμένον.
481 1646 531 1708 διὰ
545 1648 583 1728 δή
597 1648 770 1709 τούτωνκαὶ
779 1657 838 1709 τῶν
847 1648 989 1710 τοιούτων
999 1657 1103 1726 σαφῶς

89 1746 230 1828 ἔγνωμεν,
253 1743 294 1820 ὡς
317 1745 354 1807 ού
376 1744 470 1825 μόνον
493 1743 639 1827 ἀλλήλοις,
662 1744 735 1808 ἀλλά
756 1770 788 1828 γε
810 1745 861 1808 καί
879 1747 983 1824 σφίσιν
1001 1744 1104 1818 αὐτοῖς
1118 1765 1143 1806 ισ
1157 1768 1184 1808 οι
1198 1765 1228 1805 M„

89 1844 155 1927 περὶ
177 1854 238 1905 τῶν
260 1843 360 1904 αὐτῶν
382 1843 501 1905 ἐναντία
523 1845 688 1925 γεγράφασι
709 1842 760 1905 καί
779 1844 916 1926 μεγίστην
935 1844 1104 1921 διαφωνίαν

90 1943 246 2026 φιλοδοξίᾳ
268 1965 298 2004 τε
320 1940 371 2003 καὶ
388 1943 552 2026 κακουργίᾳ
569 1941 735 2021 πιεζόμενοι
752 1941 827 2024 πρὸς
845 1940 990 2020 ἀλλήλους
1007 1941 1104 2022 είργά-

74 2031 177 2102 ’σαντα
202 2039 252 2101 καί
274 2039 329 2120 τήν
352 2037 532 2118 σι’τωυμένην
554 2038 697 2121 ἐτάραξαν
715 2038 765 2101 καί
783 2039 839 2100 σύν
858 2037 959 2111 αύτοῖς
976 2037 1104 2112 πολλούς

88 2136 252 2200 ἀπώλεσαν.

157 2235 294 2314 Τοσαύτη
315 2243 391 2316 γοῖιν
413 2234 504 2295 πάλαι
525 2239 636 2315 κατεῖχε
659 2235 757 2314 πλάνη
784 2234 837 2297 τὸν
862 2231 983 2312 κόσμον.
1029 2231 1103 2294 ἀλλὰ
1117 2254 1144 2293 εο

89 2334 200 2413 ταύτην
230 2330 327 2414 άρδην
359 2331 488 2412 ήφάνισε
519 2331 570 2393 καί
600 2333 725 2412 πάμπαν
757 2330 877 2411 ἐξήλασε
903 2330 1059 2411 προδήλως
1087 2328 1103 2391 6

88 2425 159 2512 παρ’
186 2427 273 2509 ήμῶν
294 2431 556 2512 προσκυνούμενος
578 2430 688 2512 κύριος.
734 2428 784 2491 καί
807 2434 951 2511 μαρτυρεῖ
967 2434 1007 2513 τῷ
1027 2425 1103 2512 λόγῳ

88 2527 123 2588 τδι
145 2528 313 2611 πράγματα,
336 2537 374 2609 γή
398 2551 427 2589 τε
450 2526 501 2589 καί
523 2528 661 2589 θάλασσα
682 2537 736 2607 τής
753 2526 896 2610 προτέρας
913 2525 1036 2607 ἀγνοίας
1053 2525 1104 2587 καί

89 2626 261 2704 δυσσεβείας
282 2623 519 2706 ἀπηλλαγμέναι,
545 2624 734 2704 πεπαυμένος
756 2635 815 2687 τῶν
838 2625 967 2687 εἰδώλων
991 2624 1007 2687 6
1030 2625 1103 2686 πλά-

88 2746 151 2804 νος,
173 2732 228 2802 τής
249 2721 373 2804 ἀγνοίας
396 2722 412 2785 6
436 2722 528 2802 ζόφος
549 2722 736 2803 ἐληλαμένας,
758 2732 811 2785 τού
834 2722 934 2802 φωτὸς
955 2732 1008 2802 τῆς
1025 2723 1102 2804 γνό-
1117 2743 1142 2783 κο

89 2839 161 2894 σεως
188 2822 224 2881 αῖ
247 2819 363 2894 ἀκτῖνες
389 2821 444 2900 τήν
471 2819 653 2900 οἰκουμένην
681 2819 874 2901 ἐμπλήσασαι,
889 2816 1031 2899 Ἕλληνες
1053 2819 1103 2880 καὶ

83 2911 220 2998 Ῥωμαῖοι
246 2917 297 2979 καί
324 2919 469 3000 βάρβαροι
496 2917 548 2980 τδν
575 2918 797 3000 ἐσταυρωμένον
820 2924 1030 2999 θεολογούντες
1053 2915 1103 2978 καὶ

89 3029 302 3043 .-—-——-—-

160 3113 264 3162 14-16
274 3107 379 3161 Theod.
390 3106 487 3161 Graec.
498 3105 544 3161 aff.
555 3106 639 3162 σοιν
651 3107 748 3176 Migne
758 3107 847 3161 929A.
858 3138 893 3147 -
903 3109 1009 3160 20-22
1020 3103 1102 3159 26111

88 3178 184 3250 Migne
202 3184 254 3234 889
265 3179 293 3234 O.
312 3210 347 3219 —
367 3184 472 3247 22—p.
488 3183 562 3243 928
581 3180 616 3233 ι’ύ.
627 3178 667 3232 VI
684 3177 780 3248 Migne
800 3183 852 3232 988
863 3177 896 3231 D.

159 3327 175 3376 9
198 3321 280 3393 μδέ]
304 3320 341 3390 μή
364 3320 424 3373 BR.
448 3351 482 3360 -
511 3325 545 3374 20
568 3318 660 3388 πλάνη
684 3328 794 3375 κατεῖε
815 3319 865 3374 τὸν
888 3317 992 3388 κόσμον
1015 3317 1102 3372 MRV

89 3412 148 3446 κατ.
162 3412 186 3446 τ.
200 3342 305 3462 κόσμον
323 3391 415 3461 πλάνη
429 3392 459 3445 Ρ.
479 3423 512 3431 -
532 3397 566 3444 23
586 3392 634 3445 καλ
648 3340 811 3462 δυσσεβείας
824 3407 874 3445 om.
889 3390 937 3444 AL
946 3389 1051 3444 Theod.
1074 3421 1100 3429 —-

160 3539 193 3588 10
212 3536 403 3603 ἐπιλελῆσθαι,
416 3533 445 3588 ολ
458 3533 489 3588 δέ
506 3533 694 3588 ἐιτιλελεῑσθαι
707 3533 737 3586 Ρ.
752 3563 786 3572 -
803 3538 835 3586 12
849 3541 899 3588 τοῦ
913 3532 944 3588 δὲ
958 3536 1056 3587 λοιποῦ
1070 3532 1100 3585 P.

88 3637 123 3646 -
143 3610 177 3659 13
195 3607 233 3669 ὡς
251 3602 376 3675 άνέτοιχε
389 3604 420 3659 Ρ.
