2617 3909
526 223 717 274 XPONJKON
1060 219 1125 284 299

18 417 22 424 ι
110 369 307 453 προεθέσπισε
339 375 451 450 κλῆσιν.
497 369 553 432 ούκ
582 368 725 450 ἐκλείψει,
751 370 807 451 γάρ
836 386 944 449 φησιν,
971 367 1070 449 όίρχων
1096 368 1125 443 ἐξ

16 494 18 504 ·
106 463 221 550 Ἰούδα,
253 467 309 542 ἕως
340 466 378 530 δν
409 468 485 553 ἐλθη
504 455 540 554 ,ᾧ
569 466 734 548 ἀπόκειται,
766 467 817 529 καί
848 466 937 541 αύτδς
963 468 1127 549 προσδοκία

11 571 17 629 ι’
108 567 226 648 ἐθνῶν,
256 565 311 645 τὴν
335 566 499 647 μεταβολὴν
525 564 684 627 κάνταῦθα
710 569 779 627 τῶν
792 565 894 628 ἐθνῶν
919 566 1126 645 προθεσπίζων

10 694 18 744 ‘3³
109 665 229 738 εἰκότως
256 664 308 726 τὸν
330 674 384 726 τοῦ
403 659 509 745 Ἰακὼβ
536 663 610 725 θεὸν
637 673 691 725 τοῦ
713 673 805 725 ταῦτα
831 662 1040 746 προειρηκότος
1067 663 1127 742 ἔφη

10 798 23 829 r„
109 772 203 824 ταῦτα
225 760 462 844 κατωρθωκέναι.
1064 805 1066 808 -
1153 781 1166 822 ο

15 919 16 922 ,
172 856 326 933 Ὡσαύτως
350 859 381 921 δὲ
404 859 453 921 καί
477 859 492 923 δ
512 859 725 942 Χρυσόστομός
748 875 854 938 φησιν·
878 834 967 922 ούδέν
995 852 1052 922 ούν
1073 869 1127 940 τῆς

10 1021 11 1026 ,
109 957 307 1040 ἀνθρωπίνης
329 959 496 1041 θηριωδίας
519 962 616 1040 χεῖρον
639 949 678 1037 ἦν
705 958 763 1039 πρὸ
786 967 838 1038 τῆς
860 961 991 1037 Χριστοῦ
1014 979 1126 1039 παρου-

16 1095 21 1129 ς
109 1058 183 1130 σίας.
221 1055 318 1138 ὥσπερ
340 1056 395 1139 γὰρ
419 1055 522 1138 ἐχθροί
544 1055 595 1116 καί
613 1053 748 1135 πολέμιοι
766 1056 874 1128 πάντες
891 1055 964 1136 πρὸς
982 1054 1142 1134 ἀλλήλους·

20 1189 22 1196 >
110 1155 291 1234 διακείμενοι
312 1154 382 1228 τοὺς
405 1153 518 1216 ἑαυτῶν
541 1155 650 1226 παῖδας
672 1153 812 1234 ἔσφαζον,
833 1151 954 1233 πατέρες
971 1149 1022 1214 καί
1041 1153 1127 1233 μητί-

14 1293 16 1325 7
108 1276 159 1334 ρες
181 1251 284 1313 παισὶν
307 1251 514 1332 ἐπεμαίνοντο,
543 1248 631 1313 ούδὲυ
660 1242 698 1329 ἦν
721 1249 856 1332 ἕστηκός,
879 1250 917 1312 ού
941 1249 1067 1329 φυσικὸς
1087 1251 1126 1313 ού
1142 1270 1167 1308 10

10 1415 16 1427 ,
108 1349 238 1433 γραπτὸς
261 1350 363 1430 νόμος,
386 1344 448 1411 ἀλλ’
474 1347 672 1430 ἄνατέτραπτο
690 1349 795 1410 πάντα.
835 1354 960 1429 μοιχεῖαι
982 1346 1037 1430 γὰρ
1055 1350 1127 1427 ’διην

10 1479 15 1502 s
108 1453 205 1521 νεκεῖς
227 1447 277 1509 καί
301 1446 392 1526 φόνοι
413 1446 464 1508 καί
486 1445 593 1508 κλοπαί
616 1445 667 1507 καὶ
689 1457 750 1507 πᾶν
771 1440 853 1520 είδος
869 1447 974 1520 κακίας
991 1447 1126 1528 διεπράτ-

10 1595 15 1612 ff
108 1568 172 1608 τετο
204 1544 254 1607 καὶ
286 1546 329 1619 είς
364 1544 471 1628 ἀρετὴν
507 1545 662 1627 ἐλογίζετο,
698 1545 820 1624 πόλεμοι
852 1542 884 1606 δὲ
915 1550 1046 1626 συνεχεῖς
1076 1543 1126 1605 καὶ

10 1621 12 1626 ¹
101 1643 268 1723 ’ἐπάλληλοι
295 1643 369 1704 κατὰ
401 1642 488 1705 πόλιν
519 1641 570 1704 καί
599 1643 698 1724 χώραν
729 1640 780 1703 καὶ
810 1643 916 1722 κώμην
947 1641 997 1704 καί
1028 1642 1126 1704 οίκίαν

108 1741 241 1823 ἐγίνοντο
274 1740 324 1803 καί
356 1741 397 1814 είς
429 1740 569 1822 ἀνδρείαν
600 1739 664 1801 ουδ’
682 1739 766 1813 κλέος
799 1738 1044 1822 ἀνεκηρύττουτο,
1076 1739 1126 1801 καὶ
1140 1759 1165 1799 15

14 1885 16 1892 .
109 1837 209 1918 μέντοι
231 1838 281 1900 καί
304 1838 374 1912 τούς
396 1839 483 1912 υἱούς
510 1837 560 1899 καί
587 1838 638 1911 τὰς
665 1836 833 1920 θυγατέρας
855 1837 955 1900 αύτῶν
977 1845 1038 1912 τοῖς
1060 1840 1125 1899 δαι-

11 2015 13 2021 ¹
108 1938 226 2016 μονίοις
257 1937 385 2010 θύοντες
416 1935 466 1998 καλ
494 1935 706 2016 μαντευόμενοι
732 1934 783 1997 καί
811 1936 1050 2017 φαρμακεύοντος
1076 1934 1126 1996 καί

10 2115 12 2120 ,
108 2036 387 2116 είδωλολατροῦντες
412 2036 565 2114 θεοσεβεῖυ
590 2034 734 2112 ἐνόμιζον.
779 2042 832 2094 τοῦ
856 2031 888 2094 δὲ
910 2033 1017 2114 κυρίου
1039 2030 1126 2111 ἡμῶν

12 2184 14 2192 .
109 2132 290 2212 ἐληλυθότος
304 2130 544 2215 ,ἀπηλέγχθησαν
565 2139 658 2192 ταῦτα
680 2131 777 2191 πάντα
799 2128 840 2204 ῶς
862 2135 1010 2211 θεοστυγη
1034 2129 1126 2208 σαφέ-

10 2265 11 2270 *
109 2234 212 2311 στατα,
235 2229 286 2291 καί
308 2230 412 2310 εἰρήνη
440 2233 550 2311 βαθεῖα
577 2228 627 2290 καί
650 2227 738 2310 ἀρετὴ
765 2232 886 2289 πλατεῖα
908 2227 1002 2311 ἐντῷ
1025 2227 1125 2312 κόσμφ
1140 2247 1166 2286 εο

109 2321 336 2407 ἐμπολιτεύεται.
805 2319 816 2338 ’

182 2430 346 2507 Τοιγαροῦν
370 2425 402 2487 ἐν
425 2432 464 2509 τῷ
485 2421 538 2504 μα’
561 2424 616 2487 ἔτει
639 2432 692 2503 τῆς
712 2422 888 2505 Αὐγούστου
911 2423 1069 2503 βασιλείας,
1092 2422 1125 2485 ἐν
1139 2444 1178 2484 ωε
1193 2443 1223 2482 ω.

183 2621 197 2669 1
218 2613 285 2669 Gen,
301 2619 344 2681 ω,
361 2620 403 2670 10.
422 2646 456 2655 -
476 2619 509 2670 15
528 2613 630 2668 psalm.
648 2619 698 2667 ιω
713 2615 795 2683 (106),
810 2617 853 2667 ετ.

181 2799 197 2846 2
217 2789 231 2846 δ
251 2791 394 2846 ABFMR.
419 2824 453 2832 -
477 2797 493 2845 3
512 2790 564 2861 τὴν
586 2810 642 2861 μετ.
662 2800 717 2846 τῶν
741 2791 835 2846 ἐθνῶν
858 2791 1050 2846 ιιάνταῦίδαΕ1
1072 2791 1124 2860 τὴν

108 2883 165 2933 μετ.
180 2872 236 2918 τῶν
251 2863 345 2918 ἐθνῶν
359 2880 409 2918 om.
425 2862 453 2917 0.
469 2894 503 2904 -
523 2869 538 2917 5
553 2861 944 2930 κατορθωκέναιΑΒΟΜΡΒ.
959 2893 994 2902 -
1009 2867 1025 2915 6
1040 2861 1125 2917 οῦδὲν

106 2952 158 2990 εον.
183 2934 283 2990 cum?
306 2935 400 2996 οὐδεὶς
427 2930 501 3004 (οὐδ’
522 2928 562 2996 εἷς
579 2934 615 3004 Α)
637 2933 698 2988 rell.
725 2966 758 2974 -
788 2938 803 2987 7
826 2931 926 3005 χείρων
949 2931 1065 2987 BFHR.
1090 2965 1124 2974 —

110 3011 142 3060 11
163 3004 348 3074 ἀνετέτραπτο
367 3005 421 3059 ΑΟ.
447 3037 480 3046 -
506 3011 537 3059 12
557 3004 706 3073 ἐπράττετο
729 3004 794 3058 ΒΜ.
819 3036 853 3045 -
878 3010 911 3058 16
929 3003 1009 3066 υἱούς
1032 3005 1125 3058 αῦτῶν

107 3077 190 3132 codd.
205 3083 316 3146 praeter
333 3076 450 3131 ADHP.
475 3109 510 3117 —
534 3081 568 3130 18
589 3075 691 3131 εἴδωλα
709 3074 888 3142 λατρεύοντες
905 3074 954 3129 Bc
978 3075 1124 3130 είδωλολα-

107 3147 254 3216 τρεύοντες
270 3149 303 3202 R.
328 3179 362 3189 -
385 3147 463 3218 ἡμῶν
486 3147 566 3217 ίησοῦ
589 3155 702 3218 χριστοῦ
725 3146 785 3200 PM.
809 3177 843 3187 -
868 3151 900 3200 19
924 3144 1029 3216 ἁπηλίχ
1072 3161 1125 3200 σαν

108 3221 216 3289 (ἀπηλλ.
231 3219 301 3288 MR)
320 3218 492 3274 AGHMPR.
513 3249 546 3259 -
565 3218 659 3272 πάντα
677 3235 727 3273 om.
743 3218 801 3271 BF.
821 3248 854 3259 -
874 3223 908 3271 20
927 3217 957 3272 ἐν
975 3221 1014 3290 τῷ
1032 3236 1049 3270 ιι
1067 3233 1124 3289 σμφ

111 3308 163 3346 ονε.
179 3289 231 3346 FP.
252 3321 285 3330 -
305 3296 339 3344 22
358 3297 407 3359 τῆς
425 3286 567 3362 βασιλείας
584 3289 741 3359 αῦγούστου
760 3288 816 3342 ΑΒ.

181 3465 197 3512 6
216 3457 232 3513 ὁ
249 3462 329 3521 θεῖος
347 3456 534 3531 χρυσόστομος
547 3459 576 3512 P.
592 3490 626 3499 —
648 3463 681 3512 10
699 3467 770 3513 πᾶσι
783 3458 813 3511 P.
829 3489 862 3497 -
881 3457 930 3512 καί
945 3456 1029 3512 οῦδὲν
1043 3457 1072 3511 Ρ,
1089 3489 1123 3497 -

107 3531 297 3657 {affixam
310 3529 397 3655 χλόος
419 3548 469 3586 om.
488 3531 518 3584 Ρ.
547 3561 582 3571 —
611 3535 643 3582 16
662 3538 722 3594 τοῖς
744 3548 795 3586 om.
814 3528 852 3605 Ρ.Ι
873 3561 907 3570 -
937 3533 969 3584 17
988 3530 1038 3583 καὶ
1061 3535 1125 3584 ουλε
