<?xml version="1.0" encoding="UTF-8"?>
<!DOCTYPE html PUBLIC "-//W3C//DTD XHTML 1.0 Transitional//EN"
    "http://www.w3.org/TR/xhtml1/DTD/xhtml1-transitional.dtd">
<html xmlns="http://www.w3.org/1999/xhtml" xml:lang="en" lang="en">
 <head>
  <title>
</title>
<meta http-equiv="Content-Type" content="text/html;charset=utf-8" />
  <meta name='ocr-system' content='tesseract 3.04.00' />
  <meta name='ocr-capabilities' content='ocr_page ocr_carea ocr_par ocr_line ocrx_word'/>
</head>
<body>
  <div class='ocr_page' id='page_1' title='image "./georgiimonachic01boorgoog_0240.png"; bbox 0 0 2617 3909; ppageno 0'>
   <div class='ocr_carea' id='block_1_1' title="bbox 163 198 866 264">
    <p class='ocr_par' dir='ltr' id='par_1_1' title="bbox 163 198 866 264">
     <span class='ocr_line' id='line_1_1' title="bbox 163 198 866 264; baseline 0.003 -16"><span class='ocrx_word' id='word_1_1' title='bbox 163 198 227 264; x_wconf 79' lang='lat'><strong><em>152</em></strong></span> <span class='ocrx_word' id='word_1_2' title='bbox 476 199 664 251; x_wconf 71' lang='grc' dir='ltr'><strong><em>ευυεεοοε</em></strong></span> <span class='ocrx_word' id='word_1_3' title='bbox 682 199 866 252; x_wconf 72' lang='grc' dir='ltr'><strong><em>ΜοαΑΧοε</em></strong></span> 
     </span>
    </p>
   </div>
   <div class='ocr_carea' id='block_1_2' title="bbox 59 341 1190 1896">
    <p class='ocr_par' dir='ltr' id='par_1_2' title="bbox 59 341 1190 1896">
     <span class='ocr_line' id='line_1_2' title="bbox 59 341 1190 430; baseline 0 -20"><span class='ocrx_word' id='word_1_4' title='bbox 59 370 102 411; x_wconf 82' lang='grc' dir='ltr'><strong><em>ιοε</em></strong></span> <span class='ocrx_word' id='word_1_5' title='bbox 115 369 147 410; x_wconf 77' lang='grc' dir='ltr'><strong><em>ιι</em></strong></span> <span class='ocrx_word' id='word_1_6' title='bbox 161 347 194 410; x_wconf 84' lang='grc' dir='ltr'><strong><em>ίν</em></strong></span> <span class='ocrx_word' id='word_1_7' title='bbox 215 346 351 428; x_wconf 72' lang='grc' dir='ltr'><strong><em>ἀλύπηξι</em></strong></span> <span class='ocrx_word' id='word_1_8' title='bbox 372 345 423 408; x_wconf 86' lang='grc' dir='ltr'><strong><em>καλ</em></strong></span> <span class='ocrx_word' id='word_1_9' title='bbox 441 346 474 408; x_wconf 77' lang='grc' dir='ltr'><strong><em>ἐν</em></strong></span> <span class='ocrx_word' id='word_1_10' title='bbox 494 347 687 426; x_wconf 72' lang='grc' dir='ltr'><strong><em>συμπτώματι</em></strong></span> <span class='ocrx_word' id='word_1_11' title='bbox 704 346 792 408; x_wconf 82' lang='grc' dir='ltr'><strong><em>οὶκου</em></strong></span> <span class='ocrx_word' id='word_1_12' title='bbox 810 347 980 425; x_wconf 80' lang='grc' dir='ltr'><strong><em>θλίψαντας</em></strong></span> <span class='ocrx_word' id='word_1_13' title='bbox 997 347 1050 409; x_wconf 87' lang='grc' dir='ltr'><strong><em>τὸν</em></strong></span> <span class='ocrx_word' id='word_1_14' title='bbox 1064 341 1190 430; x_wconf 78' lang='grc' dir='ltr'><strong><em>Ἰσραὴλ</em></strong></span> 
     </span>
     <span class='ocr_line' id='line_1_3' title="bbox 161 438 1190 526; baseline 0 -18"><span class='ocrx_word' id='word_1_15' title='bbox 161 445 212 525; x_wconf 76' lang='grc' dir='ltr'><strong><em>ἔτη</em></strong></span> <span class='ocrx_word' id='word_1_16' title='bbox 239 443 282 526; x_wconf 86' lang='grc' dir='ltr'><strong><em>μ’.</em></strong></span> <span class='ocrx_word' id='word_1_17' title='bbox 329 438 366 507; x_wconf 86' lang='grc' dir='ltr'><strong><em>ού</em></strong></span> <span class='ocrx_word' id='word_1_18' title='bbox 393 443 449 523; x_wconf 73' lang='grc' dir='ltr'><strong><em>την</em></strong></span> <span class='ocrx_word' id='word_1_19' title='bbox 481 443 567 525; x_wconf 72' lang='grc' dir='ltr'><strong><em>ἰσχύν</em></strong></span> <span class='ocrx_word' id='word_1_20' title='bbox 598 443 649 506; x_wconf 85' lang='grc' dir='ltr'><strong><em>καὶ</em></strong></span> <span class='ocrx_word' id='word_1_21' title='bbox 679 442 821 526; x_wconf 74' lang='grc' dir='ltr'><strong><em>ἀνδρείαν</em></strong></span> <span class='ocrx_word' id='word_1_22' title='bbox 851 444 1021 508; x_wconf 76' lang='grc' dir='ltr'><strong><em>δεικνύουσι</em></strong></span> <span class='ocrx_word' id='word_1_23' title='bbox 1049 443 1104 525; x_wconf 78' lang='grc' dir='ltr'><strong><em>μὲν</em></strong></span> <span class='ocrx_word' id='word_1_24' title='bbox 1130 445 1190 508; x_wconf 83' lang='grc' dir='ltr'><strong><em>καὶ</em></strong></span> 
     </span>
     <span class='ocr_line' id='line_1_4' title="bbox 161 539 1189 625; baseline 0.002 -21"><span class='ocrx_word' id='word_1_25' title='bbox 161 553 267 624; x_wconf 80' lang='grc' dir='ltr'><strong><em>ταῦτα,</em></strong></span> <span class='ocrx_word' id='word_1_26' title='bbox 295 543 420 622; x_wconf 78' lang='grc' dir='ltr'><strong><em>δηλοῦσι</em></strong></span> <span class='ocrx_word' id='word_1_27' title='bbox 446 539 481 604; x_wconf 74' lang='grc' dir='ltr'><strong><em>δὲ</em></strong></span> <span class='ocrx_word' id='word_1_28' title='bbox 506 540 557 603; x_wconf 83' lang='grc' dir='ltr'><strong><em>καὶ</em></strong></span> <span class='ocrx_word' id='word_1_29' title='bbox 588 541 624 603; x_wconf 88' lang='grc' dir='ltr'><strong><em>τά</em></strong></span> <span class='ocrx_word' id='word_1_30' title='bbox 650 542 783 625; x_wconf 89' lang='grc' dir='ltr'><strong><em>διάφορα</em></strong></span> <span class='ocrx_word' id='word_1_31' title='bbox 810 541 861 604; x_wconf 89' lang='grc' dir='ltr'><strong><em>καὶ</em></strong></span> <span class='ocrx_word' id='word_1_32' title='bbox 888 541 1061 625; x_wconf 76' lang='grc' dir='ltr'><em>ἰσχυρότατα</em></span> <span class='ocrx_word' id='word_1_33' title='bbox 1088 544 1189 624; x_wconf 84' lang='grc' dir='ltr'><strong><em>δεσμὰ</em></strong></span> 
     </span>
     <span class='ocr_line' id='line_1_5' title="bbox 162 638 1186 724; baseline 0.002 -22"><span class='ocrx_word' id='word_1_34' title='bbox 162 639 343 719; x_wconf 74' lang='grc' dir='ltr'><strong><em>διαλυόμενοι</em></strong></span> <span class='ocrx_word' id='word_1_35' title='bbox 365 640 475 724; x_wconf 77' lang='grc' dir='ltr'><strong><em>ρριδίυς</em></strong></span> <span class='ocrx_word' id='word_1_36' title='bbox 497 638 557 702; x_wconf 87' lang='grc' dir='ltr'><strong><em>ύπό</em></strong></span> <span class='ocrx_word' id='word_1_37' title='bbox 579 648 639 701; x_wconf 84' lang='grc' dir='ltr'><strong><em>τῶν</em></strong></span> <span class='ocrx_word' id='word_1_38' title='bbox 657 649 762 722; x_wconf 82' lang='grc' dir='ltr'><strong><em>χειρῶν</em></strong></span> <span class='ocrx_word' id='word_1_39' title='bbox 781 639 874 702; x_wconf 80' lang='grc' dir='ltr'><strong><em>αὐτοῦ</em></strong></span> <span class='ocrx_word' id='word_1_40' title='bbox 891 639 941 702; x_wconf 86' lang='grc' dir='ltr'><strong><em>καὶ</em></strong></span> <span class='ocrx_word' id='word_1_41' title='bbox 959 641 1050 702; x_wconf 90' lang='grc' dir='ltr'><strong><em>πύλαι</em></strong></span> <span class='ocrx_word' id='word_1_42' title='bbox 1068 641 1186 716; x_wconf 83' lang='grc' dir='ltr'><strong><em>πόλεως</em></strong></span> 
     </span>
     <span class='ocr_line' id='line_1_6' title="bbox 133 735 1188 819; baseline 0.001 -20"><span class='ocrx_word' id='word_1_43' title='bbox 133 737 378 816; x_wconf 83' lang='grc' dir='ltr'><strong><em>οάνασποόμεναι.</em></strong></span> <span class='ocrx_word' id='word_1_44' title='bbox 424 735 500 816; x_wconf 86' lang='grc' dir='ltr'><strong><em>φησὶ</em></strong></span> <span class='ocrx_word' id='word_1_45' title='bbox 526 737 595 819; x_wconf 86' lang='grc' dir='ltr'><strong><em>γάρ·</em></strong></span> <span class='ocrx_word' id='word_1_46' title='bbox 623 736 674 798; x_wconf 93' lang='grc' dir='ltr'><strong><em>καὶ</em></strong></span> <span class='ocrx_word' id='word_1_47' title='bbox 700 735 822 817; x_wconf 79' lang='grc' dir='ltr'><strong><em>εἰσῆλθε</em></strong></span> <span class='ocrx_word' id='word_1_48' title='bbox 844 737 985 817; x_wconf 81' lang='grc' dir='ltr'><strong><em>Σαμψὼν</em></strong></span> <span class='ocrx_word' id='word_1_49' title='bbox 1012 739 1054 813; x_wconf 86' lang='grc' dir='ltr'><strong><em>είς</em></strong></span> <span class='ocrx_word' id='word_1_50' title='bbox 1081 739 1188 812; x_wconf 80' lang='grc' dir='ltr'><strong><em>Γάζαν</em></strong></span> 
     </span>
     <span class='ocr_line' id='line_1_7' title="bbox 161 833 1186 918; baseline 0.005 -24"><span class='ocrx_word' id='word_1_51' title='bbox 161 834 217 914; x_wconf 72' lang='grc' dir='ltr'><strong><em>τὴν</em></strong></span> <span class='ocrx_word' id='word_1_52' title='bbox 239 833 327 897; x_wconf 89' lang='grc' dir='ltr'><strong><em>πόλιν</em></strong></span> <span class='ocrx_word' id='word_1_53' title='bbox 349 833 424 917; x_wconf 85' lang='grc' dir='ltr'><strong><em>πρός</em></strong></span> <span class='ocrx_word' id='word_1_54' title='bbox 445 858 513 896; x_wconf 87' lang='grc' dir='ltr'><strong><em>τινα</em></strong></span> <span class='ocrx_word' id='word_1_55' title='bbox 537 833 668 918; x_wconf 84' lang='grc' dir='ltr'><strong><em>πόρνην,</em></strong></span> <span class='ocrx_word' id='word_1_56' title='bbox 695 833 746 896; x_wconf 91' lang='grc' dir='ltr'><strong><em>καὶ</em></strong></span> <span class='ocrx_word' id='word_1_57' title='bbox 771 835 893 916; x_wconf 86' lang='grc' dir='ltr'><strong><em>γνόντες</em></strong></span> <span class='ocrx_word' id='word_1_58' title='bbox 915 835 947 897; x_wconf 86' lang='grc' dir='ltr'><strong><em>οί</em></strong></span> <span class='ocrx_word' id='word_1_59' title='bbox 966 837 1088 909; x_wconf 78' lang='grc' dir='ltr'><strong><em>Γαζαῖοι</em></strong></span> <span class='ocrx_word' id='word_1_60' title='bbox 1112 836 1186 915; x_wconf 78' lang='grc' dir='ltr'><strong><em>ἐνή-</em></strong></span> 
     </span>
     <span class='ocr_line' id='line_1_8' title="bbox 162 928 1186 1015; baseline 0.004 -23"><span class='ocrx_word' id='word_1_61' title='bbox 162 932 290 1012; x_wconf 91' lang='grc' dir='ltr'><strong><em>δρευσαν</em></strong></span> <span class='ocrx_word' id='word_1_62' title='bbox 312 928 368 1011; x_wconf 86' lang='grc' dir='ltr'><strong><em>ἀφ’</em></strong></span> <span class='ocrx_word' id='word_1_63' title='bbox 389 930 511 1015; x_wconf 74' lang='grc' dir='ltr'><strong><em>ἑσπέρας</em></strong></span> <span class='ocrx_word' id='word_1_64' title='bbox 528 933 694 1006; x_wconf 79' lang='grc' dir='ltr'><strong><em>κλείσαντες</em></strong></span> <span class='ocrx_word' id='word_1_65' title='bbox 711 932 766 1012; x_wconf 82' lang='grc' dir='ltr'><strong><em>τὴν</em></strong></span> <span class='ocrx_word' id='word_1_66' title='bbox 784 931 872 994; x_wconf 88' lang='grc' dir='ltr'><strong><em>πόλιν</em></strong></span> <span class='ocrx_word' id='word_1_67' title='bbox 891 932 1068 1013; x_wconf 81' lang='grc' dir='ltr'><strong><em>βουλόμενοι</em></strong></span> <span class='ocrx_word' id='word_1_68' title='bbox 1086 933 1186 996; x_wconf 81' lang='grc' dir='ltr'><strong><em>αὐτὸν</em></strong></span> 
     </span>
     <span class='ocr_line' id='line_1_9' title="bbox 161 1026 1187 1114; baseline 0.004 -24"><span class='ocrx_word' id='word_1_69' title='bbox 161 1027 275 1091; x_wconf 90' lang='grc' dir='ltr'><strong><em>ἀνελεῖν</em></strong></span> <span class='ocrx_word' id='word_1_70' title='bbox 302 1039 339 1114; x_wconf 76' lang='grc' dir='ltr'><strong><em>τῇ</em></strong></span> <span class='ocrx_word' id='word_1_71' title='bbox 366 1029 519 1113; x_wconf 73' lang='grc' dir='ltr'><strong><em>ἐπαύριον.</em></strong></span> <span class='ocrx_word' id='word_1_72' title='bbox 564 1028 581 1092; x_wconf 82' lang='grc' dir='ltr'><strong><em>δ</em></strong></span> <span class='ocrx_word' id='word_1_73' title='bbox 604 1026 637 1091; x_wconf 75' lang='grc' dir='ltr'><strong><em>δὲ</em></strong></span> <span class='ocrx_word' id='word_1_74' title='bbox 665 1031 812 1110; x_wconf 82' lang='grc' dir='ltr'><strong><em>μεσούσης</em></strong></span> <span class='ocrx_word' id='word_1_75' title='bbox 839 1031 947 1106; x_wconf 88' lang='grc' dir='ltr'><strong><em>νυκτός</em></strong></span> <span class='ocrx_word' id='word_1_76' title='bbox 972 1029 1103 1106; x_wconf 83' lang='grc' dir='ltr'><strong><em>ἀναστὰς</em></strong></span> <span class='ocrx_word' id='word_1_77' title='bbox 1130 1031 1187 1094; x_wconf 91' lang='grc' dir='ltr'><strong><em>καὶ</em></strong></span> 
     </span>
     <span class='ocr_line' id='line_1_10' title="bbox 161 1125 1188 1209; baseline 0.003 -21"><span class='ocrx_word' id='word_1_78' title='bbox 161 1125 374 1207; x_wconf 78' lang='grc' dir='ltr'><strong><em>ἐπιλαβόμενος</em></strong></span> <span class='ocrx_word' id='word_1_79' title='bbox 395 1126 448 1202; x_wconf 81' lang='grc' dir='ltr'><strong><em>τὰς</em></strong></span> <span class='ocrx_word' id='word_1_80' title='bbox 470 1128 569 1209; x_wconf 80' lang='grc' dir='ltr'><strong><em>θύρας</em></strong></span> <span class='ocrx_word' id='word_1_81' title='bbox 591 1136 644 1208; x_wconf 76' lang='grc' dir='ltr'><strong><em>τῆς</em></strong></span> <span class='ocrx_word' id='word_1_82' title='bbox 662 1127 775 1200; x_wconf 81' lang='grc' dir='ltr'><strong><em>πόλεως</em></strong></span> <span class='ocrx_word' id='word_1_83' title='bbox 793 1128 850 1190; x_wconf 84' lang='grc' dir='ltr'><strong><em>σύν</em></strong></span> <span class='ocrx_word' id='word_1_84' title='bbox 867 1134 929 1204; x_wconf 85' lang='grc' dir='ltr'><strong><em>τοῖς</em></strong></span> <span class='ocrx_word' id='word_1_85' title='bbox 947 1129 1017 1191; x_wconf 85' lang='grc' dir='ltr'><strong><em>δυσὶ</em></strong></span> <span class='ocrx_word' id='word_1_86' title='bbox 1035 1135 1188 1209; x_wconf 79' lang='grc' dir='ltr'><strong><em>σταθμοῖς</em></strong></span> 
     </span>
     <span class='ocr_line' id='line_1_11' title="bbox 120 1223 1187 1312; baseline 0.002 -25"><span class='ocrx_word' id='word_1_87' title='bbox 120 1245 148 1287; x_wconf 80' lang='grc' dir='ltr'><strong><em>1ο</em></strong></span> <span class='ocrx_word' id='word_1_88' title='bbox 160 1223 212 1286; x_wconf 90' lang='grc' dir='ltr'><strong><em>καὶ</em></strong></span> <span class='ocrx_word' id='word_1_89' title='bbox 238 1223 446 1305; x_wconf 85' lang='grc' dir='ltr'><strong><em>ἀναβαστάσας</em></strong></span> <span class='ocrx_word' id='word_1_90' title='bbox 473 1224 564 1298; x_wconf 87' lang='grc' dir='ltr'><strong><em>αύτάς</em></strong></span> <span class='ocrx_word' id='word_1_91' title='bbox 591 1224 648 1286; x_wconf 83' lang='grc' dir='ltr'><strong><em>σύν</em></strong></span> <span class='ocrx_word' id='word_1_92' title='bbox 679 1231 740 1298; x_wconf 87' lang='grc' dir='ltr'><strong><em>τοῖς</em></strong></span> <span class='ocrx_word' id='word_1_93' title='bbox 768 1231 886 1307; x_wconf 83' lang='grc' dir='ltr'><strong><em>μοχλοῖς</em></strong></span> <span class='ocrx_word' id='word_1_94' title='bbox 911 1225 962 1288; x_wconf 88' lang='grc' dir='ltr'><strong><em>καὶ</em></strong></span> <span class='ocrx_word' id='word_1_95' title='bbox 988 1226 1105 1312; x_wconf 80' lang='grc' dir='ltr'><strong><em>ἐπιθεὶς</em></strong></span> <span class='ocrx_word' id='word_1_96' title='bbox 1133 1227 1187 1290; x_wconf 78' lang='grc' dir='ltr'><strong><em>ἐπὶ</em></strong></span> 
     </span>
     <span class='ocr_line' id='line_1_12' title="bbox 161 1315 1184 1407; baseline 0.004 -24"><span class='ocrx_word' id='word_1_97' title='bbox 161 1322 232 1397; x_wconf 81' lang='grc' dir='ltr'><strong><em>τούς</em></strong></span> <span class='ocrx_word' id='word_1_98' title='bbox 254 1321 355 1403; x_wconf 77' lang='grc' dir='ltr'><strong><em>ὤμους</em></strong></span> <span class='ocrx_word' id='word_1_99' title='bbox 377 1323 470 1386; x_wconf 81' lang='grc' dir='ltr'><strong><em>αύτού</em></strong></span> <span class='ocrx_word' id='word_1_100' title='bbox 493 1323 633 1404; x_wconf 79' lang='grc' dir='ltr'><strong><em>ἐξῆλθεν,</em></strong></span> <span class='ocrx_word' id='word_1_101' title='bbox 657 1323 748 1402; x_wconf 71' lang='grc' dir='ltr'><strong><em>ἔθηκε</em></strong></span> <span class='ocrx_word' id='word_1_102' title='bbox 772 1320 805 1385; x_wconf 82' lang='grc' dir='ltr'><strong><em>δὲ</em></strong></span> <span class='ocrx_word' id='word_1_103' title='bbox 827 1315 919 1397; x_wconf 77' lang='grc' dir='ltr'><strong><em>αύτάς</em></strong></span> <span class='ocrx_word' id='word_1_104' title='bbox 941 1323 990 1385; x_wconf 80' lang='grc' dir='ltr'><strong><em>ἐπὶ</em></strong></span> <span class='ocrx_word' id='word_1_105' title='bbox 1011 1325 1067 1405; x_wconf 77' lang='grc' dir='ltr'><strong><em>τὴν</em></strong></span> <span class='ocrx_word' id='word_1_106' title='bbox 1090 1348 1184 1407; x_wconf 88' lang='grc' dir='ltr'><strong><em>κορυ-</em></strong></span> 
     </span>
     <span class='ocr_line' id='line_1_13' title="bbox 161 1415 1187 1504; baseline 0.003 -23"><span class='ocrx_word' id='word_1_107' title='bbox 161 1420 226 1500; x_wconf 80' lang='grc' dir='ltr'><strong><em>φὴν</em></strong></span> <span class='ocrx_word' id='word_1_108' title='bbox 249 1429 302 1482; x_wconf 81' lang='grc' dir='ltr'><strong><em>τοῦ</em></strong></span> <span class='ocrx_word' id='word_1_109' title='bbox 333 1421 410 1482; x_wconf 80' lang='grc' dir='ltr'><strong><em>κατὰ</em></strong></span> <span class='ocrx_word' id='word_1_110' title='bbox 437 1420 598 1502; x_wconf 85' lang='grc' dir='ltr'><strong><em>πρόσωπον</em></strong></span> <span class='ocrx_word' id='word_1_111' title='bbox 626 1431 681 1502; x_wconf 78' lang='grc' dir='ltr'><strong><em>τῆς</em></strong></span> <span class='ocrx_word' id='word_1_112' title='bbox 707 1419 819 1494; x_wconf 85' lang='grc' dir='ltr'><strong><em>πόλεως</em></strong></span> <span class='ocrx_word' id='word_1_113' title='bbox 846 1420 943 1504; x_wconf 86' lang='grc' dir='ltr'><strong><em>όρους.</em></strong></span> <span class='ocrx_word' id='word_1_114' title='bbox 989 1417 1039 1501; x_wconf 78' lang='grc' dir='ltr'><strong><em>ἐφ’</em></strong></span> <span class='ocrx_word' id='word_1_115' title='bbox 1065 1415 1103 1484; x_wconf 86' lang='grc' dir='ltr'><strong><em>ού</em></strong></span> <span class='ocrx_word' id='word_1_116' title='bbox 1131 1423 1187 1484; x_wconf 85' lang='grc' dir='ltr'><strong><em>καὶ</em></strong></span> 
     </span>
     <span class='ocr_line' id='line_1_14' title="bbox 157 1509 964 1602; baseline 0.005 -25"><span class='ocrx_word' id='word_1_117' title='bbox 157 1509 306 1600; x_wconf 81' lang='grc' dir='ltr'><strong><em>Ἡρακλῆς</em></strong></span> <span class='ocrx_word' id='word_1_118' title='bbox 329 1515 345 1578; x_wconf 86' lang='grc' dir='ltr'><strong><em>ό</em></strong></span> <span class='ocrx_word' id='word_1_119' title='bbox 368 1511 440 1599; x_wconf 88' lang='grc' dir='ltr'><strong><em>παρ’</em></strong></span> <span class='ocrx_word' id='word_1_120' title='bbox 458 1513 584 1598; x_wconf 85' lang='grc' dir='ltr'><strong><em>Ἕλλησι</em></strong></span> <span class='ocrx_word' id='word_1_121' title='bbox 606 1518 765 1599; x_wconf 80' lang='grc' dir='ltr'><strong><em>διαβόητος</em></strong></span> <span class='ocrx_word' id='word_1_122' title='bbox 787 1518 964 1602; x_wconf 74' lang='grc' dir='ltr'><strong><em>ἐγνωρίζετο.</em></strong></span> 
     </span>
     <span class='ocr_line' id='line_1_15' title="bbox 228 1614 1184 1700; baseline 0.006 -26"><span class='ocrx_word' id='word_1_123' title='bbox 228 1617 336 1687; x_wconf 83' lang='grc' dir='ltr'><strong><em>Καλῶς</em></strong></span> <span class='ocrx_word' id='word_1_124' title='bbox 365 1615 470 1676; x_wconf 90' lang='grc' dir='ltr'><strong><em>τοίνυν</em></strong></span> <span class='ocrx_word' id='word_1_125' title='bbox 497 1614 513 1677; x_wconf 89' lang='grc' dir='ltr'><strong><em>δ</em></strong></span> <span class='ocrx_word' id='word_1_126' title='bbox 541 1616 699 1700; x_wconf 83' lang='grc' dir='ltr'><strong><em>προφήτης</em></strong></span> <span class='ocrx_word' id='word_1_127' title='bbox 725 1623 869 1696; x_wconf 84' lang='grc' dir='ltr'><strong><em>παραινεῖ</em></strong></span> <span class='ocrx_word' id='word_1_128' title='bbox 891 1615 995 1699; x_wconf 81' lang='grc' dir='ltr'><strong><em>λόγων·</em></strong></span> <span class='ocrx_word' id='word_1_129' title='bbox 1020 1617 1060 1698; x_wconf 77' lang='grc' dir='ltr'><strong><em>μὴ</em></strong></span> <span class='ocrx_word' id='word_1_130' title='bbox 1088 1641 1184 1680; x_wconf 86' lang='grc' dir='ltr'><strong><em>κατα-</em></strong></span> 
     </span>
     <span class='ocr_line' id='line_1_16' title="bbox 121 1711 1187 1796; baseline 0.002 -22"><span class='ocrx_word' id='word_1_131' title='bbox 121 1731 147 1774; x_wconf 74' lang='grc' dir='ltr'><strong><em>ισ</em></strong></span> <span class='ocrx_word' id='word_1_132' title='bbox 161 1711 309 1773; x_wconf 87' lang='grc' dir='ltr'><strong><em>πιστεύετε</em></strong></span> <span class='ocrx_word' id='word_1_133' title='bbox 336 1711 370 1773; x_wconf 81' lang='grc' dir='ltr'><strong><em>ἐν</em></strong></span> <span class='ocrx_word' id='word_1_134' title='bbox 398 1714 511 1794; x_wconf 84' lang='grc' dir='ltr'><strong><em>φίλοις,</em></strong></span> <span class='ocrx_word' id='word_1_135' title='bbox 541 1712 592 1776; x_wconf 85' lang='grc' dir='ltr'><strong><em>καὶ</em></strong></span> <span class='ocrx_word' id='word_1_136' title='bbox 614 1713 674 1776; x_wconf 86' lang='grc' dir='ltr'><strong><em>ἀπὸ</em></strong></span> <span class='ocrx_word' id='word_1_137' title='bbox 701 1723 754 1794; x_wconf 74' lang='grc' dir='ltr'><strong><em>τῆς</em></strong></span> <span class='ocrx_word' id='word_1_138' title='bbox 781 1716 939 1796; x_wconf 90' lang='grc' dir='ltr'><strong><em>συγκοίτου</em></strong></span> <span class='ocrx_word' id='word_1_139' title='bbox 967 1733 1022 1776; x_wconf 91' lang='grc' dir='ltr'><strong><em>σου</em></strong></span> <span class='ocrx_word' id='word_1_140' title='bbox 1050 1716 1187 1793; x_wconf 82' lang='grc' dir='ltr'><strong><em>φύλαξαι</em></strong></span> 
     </span>
     <span class='ocr_line' id='line_1_17' title="bbox 160 1807 1186 1896; baseline 0.006 -27"><span class='ocrx_word' id='word_1_141' title='bbox 160 1818 214 1870; x_wconf 83' lang='grc' dir='ltr'><strong><em>τοῦ</em></strong></span> <span class='ocrx_word' id='word_1_142' title='bbox 237 1807 408 1871; x_wconf 72' lang='grc' dir='ltr'><strong><em>ἀναθέσθαι</em></strong></span> <span class='ocrx_word' id='word_1_143' title='bbox 430 1833 458 1871; x_wconf 89' lang='grc' dir='ltr'><strong><em>τι</em></strong></span> <span class='ocrx_word' id='word_1_144' title='bbox 480 1809 565 1896; x_wconf 75' lang='grc' dir='ltr'><strong><em>αὐτῇ.</em></strong></span> <span class='ocrx_word' id='word_1_145' title='bbox 611 1810 845 1896; x_wconf 87' lang='grc' dir='ltr'><strong><em>παρενοχληθεὶς</em></strong></span> <span class='ocrx_word' id='word_1_146' title='bbox 871 1811 928 1895; x_wconf 86' lang='grc' dir='ltr'><strong><em>γάρ</em></strong></span> <span class='ocrx_word' id='word_1_147' title='bbox 950 1810 966 1874; x_wconf 87' lang='grc' dir='ltr'>ὁ</span> <span class='ocrx_word' id='word_1_148' title='bbox 990 1808 1105 1888; x_wconf 85' lang='grc' dir='ltr'><strong><em>δίκαιος</em></strong></span> <span class='ocrx_word' id='word_1_149' title='bbox 1128 1807 1186 1875; x_wconf 82' lang='grc' dir='ltr'><strong><em>οὗ·</em></strong></span> 
     </span>
    </p>
   </div>
   <div class='ocr_carea' id='block_1_3' title="bbox 160 1905 1301 1998">
    <p class='ocr_par' dir='ltr' id='par_1_3' title="bbox 160 1905 1301 1998">
     <span class='ocr_line' id='line_1_18' title="bbox 160 1905 1301 1998; baseline 0.008 -31"><span class='ocrx_word' id='word_1_150' title='bbox 160 1928 210 1979; x_wconf 90' lang='grc' dir='ltr'><strong><em>τος</em></strong></span> <span class='ocrx_word' id='word_1_151' title='bbox 233 1905 292 1969; x_wconf 86' lang='grc' dir='ltr'><strong><em>ύπό</em></strong></span> <span class='ocrx_word' id='word_1_152' title='bbox 320 1916 374 1987; x_wconf 81' lang='grc' dir='ltr'><strong><em>τῆς</em></strong></span> <span class='ocrx_word' id='word_1_153' title='bbox 400 1908 520 1991; x_wconf 84' lang='grc' dir='ltr'><strong><em>πρώτης</em></strong></span> <span class='ocrx_word' id='word_1_154' title='bbox 546 1909 639 1972; x_wconf 80' lang='grc' dir='ltr'><strong><em>αὐτοῦ</em></strong></span> <span class='ocrx_word' id='word_1_155' title='bbox 667 1909 808 1992; x_wconf 85' lang='grc' dir='ltr'><strong><em>γυναικὸς</em></strong></span> <span class='ocrx_word' id='word_1_156' title='bbox 835 1909 885 1970; x_wconf 89' lang='grc' dir='ltr'><strong><em>καὶ</em></strong></span> <span class='ocrx_word' id='word_1_157' title='bbox 908 1909 1081 1993; x_wconf 86' lang='grc' dir='ltr'><strong><em>ἀναγγείλας</em></strong></span> <span class='ocrx_word' id='word_1_158' title='bbox 1104 1911 1184 1996; x_wconf 74' lang='grc' dir='ltr'><strong><em>αὐτῇ</em></strong></span> <span class='ocrx_word' id='word_1_159' title='bbox 1300 1989 1301 1998; x_wconf 17' lang='grc' dir='ltr'><strong><em>ρ</em></strong></span> 
     </span>
    </p>
   </div>
   <div class='ocr_carea' id='block_1_4' title="bbox 120 2003 1185 2389">
    <p class='ocr_par' dir='ltr' id='par_1_4' title="bbox 120 2003 1185 2389">
     <span class='ocr_line' id='line_1_19' title="bbox 159 2003 1184 2092; baseline 0.006 -27"><span class='ocrx_word' id='word_1_160' title='bbox 159 2003 193 2066; x_wconf 89' lang='grc' dir='ltr'><strong><em>τὸ</em></strong></span> <span class='ocrx_word' id='word_1_161' title='bbox 216 2003 385 2086; x_wconf 87' lang='grc' dir='ltr'><strong><em>πρόβλημα,</em></strong></span> <span class='ocrx_word' id='word_1_162' title='bbox 408 2004 528 2089; x_wconf 73' lang='grc' dir='ltr'><strong><em>γέγονεν</em></strong></span> <span class='ocrx_word' id='word_1_163' title='bbox 551 2007 631 2092; x_wconf 78' lang='grc' dir='ltr'><strong><em>αύτῷ</em></strong></span> <span class='ocrx_word' id='word_1_164' title='bbox 650 2007 747 2087; x_wconf 82' lang='grc' dir='ltr'><strong><em>λύπης</em></strong></span> <span class='ocrx_word' id='word_1_165' title='bbox 771 2008 908 2089; x_wconf 84' lang='grc' dir='ltr'><strong><em>μεγίστης</em></strong></span> <span class='ocrx_word' id='word_1_166' title='bbox 930 2006 1082 2082; x_wconf 79' lang='grc' dir='ltr'><strong><em>ὑπόθεσις.</em></strong></span> <span class='ocrx_word' id='word_1_167' title='bbox 1121 2008 1184 2071; x_wconf 84' lang='grc' dir='ltr'><strong><em>ὡσ-</em></strong></span> 
     </span>
     <span class='ocr_line' id='line_1_20' title="bbox 160 2100 1184 2188; baseline 0.005 -26"><span class='ocrx_word' id='word_1_168' title='bbox 160 2102 258 2176; x_wconf 87' lang='grc' dir='ltr'><strong><em>αύτως</em></strong></span> <span class='ocrx_word' id='word_1_169' title='bbox 281 2100 313 2165; x_wconf 73' lang='grc' dir='ltr'><strong><em>δὲ</em></strong></span> <span class='ocrx_word' id='word_1_170' title='bbox 335 2102 386 2164; x_wconf 89' lang='grc' dir='ltr'><strong><em>καὶ</em></strong></span> <span class='ocrx_word' id='word_1_171' title='bbox 408 2101 428 2184; x_wconf 79' lang='grc' dir='ltr'><em>ἡ</em></span> <span class='ocrx_word' id='word_1_172' title='bbox 452 2103 574 2188; x_wconf 77' lang='grc' dir='ltr'><strong><em>δευτέρα</em></strong></span> <span class='ocrx_word' id='word_1_173' title='bbox 594 2105 712 2166; x_wconf 87' lang='grc' dir='ltr'><strong><em>Δαλιδδι</em></strong></span> <span class='ocrx_word' id='word_1_174' title='bbox 735 2103 833 2186; x_wconf 86' lang='grc' dir='ltr'><strong><em>λόγοις</em></strong></span> <span class='ocrx_word' id='word_1_175' title='bbox 855 2103 1017 2186; x_wconf 86' lang='grc' dir='ltr'><strong><em>ἀπατηλοῖς</em></strong></span> <span class='ocrx_word' id='word_1_176' title='bbox 1034 2105 1184 2186; x_wconf 77' lang='grc' dir='ltr'><strong><em>ἐξαπατή-</em></strong></span> 
     </span>
     <span class='ocr_line' id='line_1_21' title="bbox 120 2200 1185 2286; baseline 0.005 -25"><span class='ocrx_word' id='word_1_177' title='bbox 120 2220 147 2261; x_wconf 79' lang='grc' dir='ltr'><strong><em>ιο</em></strong></span> <span class='ocrx_word' id='word_1_178' title='bbox 161 2217 237 2261; x_wconf 95' lang='grc' dir='ltr'><strong><em>σασα</em></strong></span> <span class='ocrx_word' id='word_1_179' title='bbox 259 2201 311 2263; x_wconf 88' lang='grc' dir='ltr'><strong><em>τὸν</em></strong></span> <span class='ocrx_word' id='word_1_180' title='bbox 330 2200 413 2262; x_wconf 78' lang='grc' dir='ltr'><strong><em>ὅσιον</em></strong></span> <span class='ocrx_word' id='word_1_181' title='bbox 432 2201 576 2284; x_wconf 84' lang='grc' dir='ltr'><strong><em>ίπίχαρμα</em></strong></span> <span class='ocrx_word' id='word_1_182' title='bbox 593 2212 699 2265; x_wconf 83' lang='grc' dir='ltr'><strong><em>τοῦτον</em></strong></span> <span class='ocrx_word' id='word_1_183' title='bbox 718 2201 838 2282; x_wconf 78' lang='grc' dir='ltr'><strong><em>ἐποίησε</em></strong></span> <span class='ocrx_word' id='word_1_184' title='bbox 856 2209 917 2277; x_wconf 88' lang='grc' dir='ltr'><strong><em>τοῖς</em></strong></span> <span class='ocrx_word' id='word_1_185' title='bbox 935 2203 1054 2286; x_wconf 79' lang='grc' dir='ltr'><strong><em>ἐχθροῖς</em></strong></span> <span class='ocrx_word' id='word_1_186' title='bbox 1075 2203 1185 2285; x_wconf 79' lang='grc' dir='ltr'><strong><em>αύτοῦ,</em></strong></span> 
     </span>
     <span class='ocr_line' id='line_1_22' title="bbox 155 2294 1185 2389; baseline 0.006 -31"><span class='ocrx_word' id='word_1_187' title='bbox 155 2296 211 2389; x_wconf 32' lang='grc' dir='ltr'><strong><em>,καὶ</em></strong></span> <span class='ocrx_word' id='word_1_188' title='bbox 234 2297 251 2360; x_wconf 86' lang='grc' dir='ltr'><strong><em>δ</em></strong></span> <span class='ocrx_word' id='word_1_189' title='bbox 274 2296 304 2373; x_wconf 82' lang='grc' dir='ltr'><strong><em>ίξ</em></strong></span> <span class='ocrx_word' id='word_1_190' title='bbox 327 2297 500 2381; x_wconf 72' lang='grc' dir='ltr'><strong><em>ἐπαγγελίας</em></strong></span> <span class='ocrx_word' id='word_1_191' title='bbox 523 2298 709 2379; x_wconf 77' lang='grc' dir='ltr'><strong><em>συλληφθεὶς</em></strong></span> <span class='ocrx_word' id='word_1_192' title='bbox 731 2298 781 2361; x_wconf 86' lang='grc' dir='ltr'><strong><em>καὶ</em></strong></span> <span class='ocrx_word' id='word_1_193' title='bbox 803 2301 856 2363; x_wconf 91' lang='grc' dir='ltr'><strong><em>τὸν</em></strong></span> <span class='ocrx_word' id='word_1_194' title='bbox 871 2294 988 2383; x_wconf 82' lang='grc' dir='ltr'><strong><em>Ἰσραὴλ</em></strong></span> <span class='ocrx_word' id='word_1_195' title='bbox 1007 2303 1111 2383; x_wconf 88' lang='grc' dir='ltr'><strong><em>κρίνας</em></strong></span> <span class='ocrx_word' id='word_1_196' title='bbox 1130 2301 1185 2381; x_wconf 73' lang='grc' dir='ltr'><strong><em>ἔτη</em></strong></span> 
     </span>
    </p>
   </div>
   <div class='ocr_carea' id='block_1_5' title="bbox 232 2522 810 2592">
    <p class='ocr_par' dir='ltr' id='par_1_5' title="bbox 232 2522 810 2592">
     <span class='ocr_line' id='line_1_23' title="bbox 232 2522 810 2592; baseline 0.002 -16"><span class='ocrx_word' id='word_1_197' title='bbox 232 2528 248 2576; x_wconf 77' lang='lat'><strong>5</strong></span> <span class='ocrx_word' id='word_1_198' title='bbox 268 2522 352 2575; x_wconf 84' lang='lat' dir='ltr'><strong>Judd.</strong></span> <span class='ocrx_word' id='word_1_199' title='bbox 369 2527 506 2592; x_wconf 76' lang='grc' dir='ltr'><strong><em>16,1οςη.</em></strong></span> <span class='ocrx_word' id='word_1_200' title='bbox 525 2554 561 2563; x_wconf 93' lang='grc'><strong>-</strong></span> <span class='ocrx_word' id='word_1_201' title='bbox 581 2529 614 2577; x_wconf 84' lang='grc'>14</span> <span class='ocrx_word' id='word_1_202' title='bbox 632 2523 728 2578; x_wconf 78' lang='grc' dir='ltr'><strong><em>Μὶολιο</em></strong></span> <span class='ocrx_word' id='word_1_203' title='bbox 748 2528 772 2591; x_wconf 83' lang='grc'><strong><em>7,</em></strong></span> <span class='ocrx_word' id='word_1_204' title='bbox 787 2529 810 2577; x_wconf 86' lang='lat'><strong><em>5.</em></strong></span> 
     </span>
    </p>
   </div>
   <div class='ocr_carea' id='block_1_6' title="bbox 236 2663 1301 2762">
    <p class='ocr_par' dir='ltr' id='par_1_6' title="bbox 236 2663 1301 2762">
     <span class='ocr_line' id='line_1_24' title="bbox 236 2663 1301 2762; baseline 0.007 -20"><span class='ocrx_word' id='word_1_205' title='bbox 236 2695 250 2742; x_wconf 95' lang='lat'>1</span> <span class='ocrx_word' id='word_1_206' title='bbox 269 2685 417 2758; x_wconf 79' lang='grc' dir='ltr'><strong><em>θλίψαντα</em></strong></span> <span class='ocrx_word' id='word_1_207' title='bbox 436 2691 516 2745; x_wconf 81' lang='lat' dir='ltr'><strong>codd.</strong></span> <span class='ocrx_word' id='word_1_208' title='bbox 533 2699 644 2761; x_wconf 74' lang='lat' dir='ltr'><strong><em>praeter</em></strong></span> <span class='ocrx_word' id='word_1_209' title='bbox 662 2692 717 2746; x_wconf 84' lang='lat' dir='ltr'><strong><em>AP.</em></strong></span> <span class='ocrx_word' id='word_1_210' title='bbox 737 2724 771 2733; x_wconf 88' lang='lat'><em>-</em></span> <span class='ocrx_word' id='word_1_211' title='bbox 794 2698 810 2745; x_wconf 77' lang='lat'>2</span> <span class='ocrx_word' id='word_1_212' title='bbox 828 2693 878 2747; x_wconf 85' lang='grc' dir='ltr'><strong><em>καὶ</em></strong></span> <span class='ocrx_word' id='word_1_213' title='bbox 895 2691 947 2762; x_wconf 83' lang='grc' dir='ltr'><strong><em>τὴν</em></strong></span> <span class='ocrx_word' id='word_1_214' title='bbox 966 2691 1101 2762; x_wconf 79' lang='grc' dir='ltr'><strong><em>ἀνδρείαν</em></strong></span> <span class='ocrx_word' id='word_1_215' title='bbox 1121 2693 1183 2748; x_wconf 85' lang='lat' dir='ltr'><strong><em>GP.</em></strong></span> <span class='ocrx_word' id='word_1_216' title='bbox 1300 2663 1301 2676; x_wconf 17' lang='grc' dir='ltr'><strong><em>λ</em></strong></span> 
     </span>
    </p>
   </div>
   <div class='ocr_carea' id='block_1_7' title="bbox 161 2760 1301 3121">
    <p class='ocr_par' dir='ltr' id='par_1_7' title="bbox 161 2760 1301 3121">
     <span class='ocr_line' id='line_1_25' title="bbox 161 2760 1301 2846; baseline 0.006 -33"><span class='ocrx_word' id='word_1_217' title='bbox 161 2791 196 2800; x_wconf 90' lang='grc'>-</span> <span class='ocrx_word' id='word_1_218' title='bbox 217 2765 233 2813; x_wconf 80' lang='grc'><strong>3</strong></span> <span class='ocrx_word' id='word_1_219' title='bbox 251 2760 302 2814; x_wconf 90' lang='grc' dir='ltr'><strong><em>καλ</em></strong></span> <span class='ocrx_word' id='word_1_220' title='bbox 320 2767 384 2816; x_wconf 77' lang='lat' dir='ltr'><strong><em>ante</em></strong></span> <span class='ocrx_word' id='word_1_221' title='bbox 402 2761 569 2833; x_wconf 84' lang='grc' dir='ltr'><strong><em>ίσχυρότατα</em></strong></span> <span class='ocrx_word' id='word_1_222' title='bbox 587 2780 638 2819; x_wconf 85' lang='lat' dir='ltr'><strong><em>om.</em></strong></span> <span class='ocrx_word' id='word_1_223' title='bbox 654 2763 758 2818; x_wconf 78' lang='lat' dir='ltr'>OFLR.</span> <span class='ocrx_word' id='word_1_224' title='bbox 774 2796 807 2805; x_wconf 89' lang='lat'><em>-</em></span> <span class='ocrx_word' id='word_1_225' title='bbox 827 2769 844 2818; x_wconf 89' lang='lat'><em>8</em></span> <span class='ocrx_word' id='word_1_226' title='bbox 863 2765 998 2834; x_wconf 81' lang='grc' dir='ltr'><strong><em>μεσούσης</em></strong></span> <span class='ocrx_word' id='word_1_227' title='bbox 1014 2773 1065 2834; x_wconf 83' lang='grc' dir='ltr'><strong><em>τῆς</em></strong></span> <span class='ocrx_word' id='word_1_228' title='bbox 1078 2766 1185 2829; x_wconf 84' lang='grc' dir='ltr'><strong><em>νυκτὸς</em></strong></span> <span class='ocrx_word' id='word_1_229' title='bbox 1300 2821 1301 2846; x_wconf 37' lang='grc' dir='ltr'><strong><em>χ</em></strong></span> 
     </span>
     <span class='ocr_line' id='line_1_26' title="bbox 162 2828 1301 2906; baseline 0.007 -21"><span class='ocrx_word' id='word_1_230' title='bbox 162 2830 236 2885; x_wconf 84' lang='lat' dir='ltr'><strong><em>CFR</em></strong></span> <span class='ocrx_word' id='word_1_231' title='bbox 254 2828 339 2901; x_wconf 84' lang='grc' dir='ltr'><strong><em>μέσον</em></strong></span> <span class='ocrx_word' id='word_1_232' title='bbox 352 2840 402 2901; x_wconf 81' lang='grc' dir='ltr'><strong><em>τῆς</em></strong></span> <span class='ocrx_word' id='word_1_233' title='bbox 415 2834 516 2896; x_wconf 84' lang='grc' dir='ltr'><strong><em>νυκτός</em></strong></span> <span class='ocrx_word' id='word_1_234' title='bbox 529 2833 558 2888; x_wconf 92' lang='lat' dir='ltr'><strong><em>L.</em></strong></span> <span class='ocrx_word' id='word_1_235' title='bbox 574 2867 608 2875; x_wconf 92' lang='lat'><em>-</em></span> <span class='ocrx_word' id='word_1_236' title='bbox 628 2841 662 2889; x_wconf 91' lang='grc'><strong><em>10</em></strong></span> <span class='ocrx_word' id='word_1_237' title='bbox 681 2836 730 2890; x_wconf 85' lang='grc' dir='ltr'><strong><em>καὶ</em></strong></span> <span class='ocrx_word' id='word_1_238' title='bbox 749 2835 948 2906; x_wconf 78' lang='grc' dir='ltr'><strong><em>ἀναβαστάσας</em></strong></span> <span class='ocrx_word' id='word_1_239' title='bbox 957 2867 990 2876; x_wconf 91' lang='lat'><em>-</em></span> <span class='ocrx_word' id='word_1_240' title='bbox 1001 2839 1113 2906; x_wconf 81' lang='grc' dir='ltr'><strong><em>μοχλοῖς</em></strong></span> <span class='ocrx_word' id='word_1_241' title='bbox 1127 2853 1180 2892; x_wconf 86' lang='lat' dir='ltr'><strong><em>om.</em></strong></span> <span class='ocrx_word' id='word_1_242' title='bbox 1300 2851 1301 2900; x_wconf 63' lang='grc' dir='ltr'>ζ</span> 
     </span>
     <span class='ocr_line' id='line_1_27' title="bbox 161 2901 1301 2974; baseline 0.006 -18"><span class='ocrx_word' id='word_1_243' title='bbox 161 2901 212 2957; x_wconf 75' lang='lat' dir='ltr'><strong><em>AG</em></strong></span> <span class='ocrx_word' id='word_1_244' title='bbox 230 2902 534 2974; x_wconf 82' lang='grc' dir='ltr'><strong><em>ἀναβαστάσας-σύν</em></strong></span> <span class='ocrx_word' id='word_1_245' title='bbox 552 2915 611 2968; x_wconf 86' lang='grc' dir='ltr'><strong><em>τοῖς</em></strong></span> <span class='ocrx_word' id='word_1_246' title='bbox 624 2922 675 2962; x_wconf 84' lang='lat' dir='ltr'><strong><em>om.</em></strong></span> <span class='ocrx_word' id='word_1_247' title='bbox 690 2907 721 2960; x_wconf 92' lang='lat' dir='ltr'><strong><em>B.</em></strong></span> <span class='ocrx_word' id='word_1_248' title='bbox 737 2938 772 2945; x_wconf 90' lang='lat'>—</span> <span class='ocrx_word' id='word_1_249' title='bbox 791 2911 823 2959; x_wconf 94' lang='lat'><strong><em>11</em></strong></span> <span class='ocrx_word' id='word_1_250' title='bbox 844 2906 916 2962; x_wconf 84' lang='grc' dir='ltr'><strong><em>αύτά</em></strong></span> <span class='ocrx_word' id='word_1_251' title='bbox 929 2905 1089 2962; x_wconf 79' lang='lat' dir='ltr'>BODGLP</span> <span class='ocrx_word' id='word_1_252' title='bbox 1108 2908 1140 2962; x_wconf 82' lang='grc' dir='ltr'><strong><em>ιἰι</em></strong></span> <span class='ocrx_word' id='word_1_253' title='bbox 1155 2908 1183 2961; x_wconf 91' lang='lat' dir='ltr'>D</span> <span class='ocrx_word' id='word_1_254' title='bbox 1300 2905 1301 2944; x_wconf 66' lang='grc' dir='ltr'><strong><em>ὶ</em></strong></span> 
     </span>
     <span class='ocr_line' id='line_1_28' title="bbox 161 2975 1301 3046; baseline 0.004 -19"><span class='ocrx_word' id='word_1_255' title='bbox 161 2991 195 3027; x_wconf 86' lang='lat' dir='ltr'><strong><em>m.</em></strong></span> <span class='ocrx_word' id='word_1_256' title='bbox 210 2977 230 3029; x_wconf 78' lang='lat'><strong><em>2</em></strong></span> <span class='ocrx_word' id='word_1_257' title='bbox 247 2991 316 3030; x_wconf 83' lang='lat' dir='ltr'><strong><em>corr.</em></strong></span> <span class='ocrx_word' id='word_1_258' title='bbox 341 3006 374 3015; x_wconf 96' lang='lat'><em>-</em></span> <span class='ocrx_word' id='word_1_259' title='bbox 400 2980 433 3029; x_wconf 81' lang='lat'><strong><em>13</em></strong></span> <span class='ocrx_word' id='word_1_260' title='bbox 452 2994 516 3045; x_wconf 87' lang='grc' dir='ltr'><strong><em>περι</em></strong></span> <span class='ocrx_word' id='word_1_261' title='bbox 535 2975 617 3046; x_wconf 76' lang='grc' dir='ltr'><strong><em>όητος</em></strong></span> <span class='ocrx_word' id='word_1_262' title='bbox 633 2977 669 3031; x_wconf 88' lang='lat' dir='ltr'><strong><em>N.</em></strong></span> <span class='ocrx_word' id='word_1_263' title='bbox 689 3009 724 3018; x_wconf 89' lang='lat'><strong><em>-·</em></strong></span> <span class='ocrx_word' id='word_1_264' title='bbox 745 2983 779 3032; x_wconf 88' lang='grc'><strong><em>14</em></strong></span> <span class='ocrx_word' id='word_1_265' title='bbox 797 2978 1029 3033; x_wconf 85' lang='grc' dir='ltr'><strong><em>καταπιστεύεται</em></strong></span> <span class='ocrx_word' id='word_1_266' title='bbox 1046 2978 1069 3032; x_wconf 91' lang='grc' dir='ltr'>Ρ</span> <span class='ocrx_word' id='word_1_267' title='bbox 1092 2998 1184 3033; x_wconf 70' lang='grc' dir='ltr'><strong><em>κατα·</em></strong></span> <span class='ocrx_word' id='word_1_268' title='bbox 1300 3029 1301 3032; x_wconf 76' lang='grc'>,</span> 
     </span>
     <span class='ocr_line' id='line_1_29' title="bbox 161 3039 1301 3121; baseline 0.006 -22"><span class='ocrx_word' id='word_1_269' title='bbox 161 3045 326 3100; x_wconf 84' lang='grc' dir='ltr'><strong><em>πιστεύεσθε</em></strong></span> <span class='ocrx_word' id='word_1_270' title='bbox 344 3045 396 3100; x_wconf 87' lang='lat' dir='ltr'><strong><em>RV</em></strong></span> <span class='ocrx_word' id='word_1_271' title='bbox 418 3064 602 3102; x_wconf 88' lang='grc' dir='ltr'><strong><em>καταπιστευε</em></strong></span> <span class='ocrx_word' id='word_1_272' title='bbox 613 3046 640 3099; x_wconf 82' lang='grc' dir='ltr'>Ν</span> <span class='ocrx_word' id='word_1_273' title='bbox 659 3049 847 3120; x_wconf 83' lang='grc' dir='ltr'><strong><em>καταπιστεύη</em></strong></span> <span class='ocrx_word' id='word_1_274' title='bbox 865 3049 895 3104; x_wconf 74' lang='lat' dir='ltr'><strong><em>F.</em></strong></span> <span class='ocrx_word' id='word_1_275' title='bbox 915 3080 950 3089; x_wconf 98' lang='lat'>—</span> <span class='ocrx_word' id='word_1_276' title='bbox 970 3054 1003 3103; x_wconf 84' lang='grc'>16</span> <span class='ocrx_word' id='word_1_277' title='bbox 1023 3050 1094 3121; x_wconf 72' lang='grc' dir='ltr'><strong><em>αὐτῇ</em></strong></span> <span class='ocrx_word' id='word_1_278' title='bbox 1113 3070 1141 3104; x_wconf 89' lang='grc' dir='ltr'><strong><em>τι</em></strong></span> <span class='ocrx_word' id='word_1_279' title='bbox 1160 3049 1183 3105; x_wconf 80' lang='grc' dir='ltr'>Ο</span> <span class='ocrx_word' id='word_1_280' title='bbox 1300 3039 1301 3106; x_wconf 65' lang='grc' dir='ltr'><strong><em>λ</em></strong></span> 
     </span>
    </p>
   </div>
   <div class='ocr_carea' id='block_1_8' title="bbox 160 3105 1301 3188">
    <p class='ocr_par' dir='ltr' id='par_1_8' title="bbox 160 3105 1301 3188">
     <span class='ocr_line' id='line_1_30' title="bbox 160 3105 1301 3188; baseline 0.003 -19"><span class='ocrx_word' id='word_1_281' title='bbox 160 3136 187 3169; x_wconf 83' lang='grc' dir='ltr'><strong><em>τι</em></strong></span> <span class='ocrx_word' id='word_1_282' title='bbox 211 3132 262 3171; x_wconf 85' lang='lat' dir='ltr'><strong><em>om.</em></strong></span> <span class='ocrx_word' id='word_1_283' title='bbox 280 3116 389 3172; x_wconf 77' lang='lat' dir='ltr'><strong>ABFR.</strong></span> <span class='ocrx_word' id='word_1_284' title='bbox 414 3149 448 3158; x_wconf 91' lang='lat'>—</span> <span class='ocrx_word' id='word_1_285' title='bbox 473 3123 506 3171; x_wconf 82' lang='grc'>17</span> <span class='ocrx_word' id='word_1_286' title='bbox 529 3119 665 3188; x_wconf 87' lang='grc' dir='ltr'><strong><em>γυναικός</em></strong></span> <span class='ocrx_word' id='word_1_287' title='bbox 687 3120 774 3174; x_wconf 76' lang='grc' dir='ltr'><strong><em>αὐτοῦ</em></strong></span> <span class='ocrx_word' id='word_1_288' title='bbox 797 3105 855 3174; x_wconf 84' lang='lat' dir='ltr'><strong><em>BP.</em></strong></span> <span class='ocrx_word' id='word_1_289' title='bbox 879 3152 915 3161; x_wconf 93' lang='lat'><em>-</em></span> <span class='ocrx_word' id='word_1_290' title='bbox 940 3126 973 3174; x_wconf 88' lang='lat'><strong><em>18</em></strong></span> <span class='ocrx_word' id='word_1_291' title='bbox 993 3120 1081 3175; x_wconf 83' lang='grc' dir='ltr'><strong><em>αότού</em></strong></span> <span class='ocrx_word' id='word_1_292' title='bbox 1100 3119 1185 3176; x_wconf 80' lang='lat' dir='ltr'><strong><em>CNV</em></strong></span> <span class='ocrx_word' id='word_1_293' title='bbox 1300 3113 1301 3172; x_wconf 58' lang='grc' dir='ltr'><strong><em>λ</em></strong></span> 
     </span>
    </p>
   </div>
   <div class='ocr_carea' id='block_1_9' title="bbox 160 3187 1184 3328">
    <p class='ocr_par' dir='ltr' id='par_1_9' title="bbox 160 3187 1184 3328">
     <span class='ocr_line' id='line_1_31' title="bbox 160 3187 1184 3312; baseline 0.006 -72"><span class='ocrx_word' id='word_1_294' title='bbox 160 3187 263 3312; x_wconf 60' lang='grc' dir='ltr'><strong><em>Ξαφτφῦ</em></strong></span> <span class='ocrx_word' id='word_1_295' title='bbox 281 3187 364 3311; x_wconf 47' lang='grc' dir='ltr'>Ἢ</span> <span class='ocrx_word' id='word_1_296' title='bbox 382 3187 540 3258; x_wconf 74' lang='grc' dir='ltr'><strong><em>ὑπόδειγμα</em></strong></span> <span class='ocrx_word' id='word_1_297' title='bbox 554 3188 589 3243; x_wconf 90' lang='lat' dir='ltr'><strong><em>N.</em></strong></span> <span class='ocrx_word' id='word_1_298' title='bbox 604 3221 639 3229; x_wconf 96' lang='lat'>—</span> <span class='ocrx_word' id='word_1_299' title='bbox 659 3195 691 3244; x_wconf 73' lang='lat'><strong><em>21</em></strong></span> <span class='ocrx_word' id='word_1_300' title='bbox 711 3192 894 3264; x_wconf 83' lang='grc' dir='ltr'><strong><em>συλληφθεὶς]</em></strong></span> <span class='ocrx_word' id='word_1_301' title='bbox 912 3192 1023 3262; x_wconf 82' lang='grc' dir='ltr'><strong><em>τεχθεὶς</em></strong></span> <span class='ocrx_word' id='word_1_302' title='bbox 1038 3191 1124 3246; x_wconf 81' lang='lat' dir='ltr'><strong>ABG.</strong></span> <span class='ocrx_word' id='word_1_303' title='bbox 1144 3225 1184 3236; x_wconf 80' lang='lat'><em>-</em></span> 
     </span>
     <span class='ocr_line' id='line_1_32' title="bbox 174 3277 370 3328; baseline 0.01 -18"><span class='ocrx_word' id='word_1_304' title='bbox 174 3277 195 3310; x_wconf 91' lang='grc' dir='ltr'><strong><em>π</em></strong></span> <span class='ocrx_word' id='word_1_305' title='bbox 239 3278 272 3328; x_wconf 86' lang='grc' dir='ltr'><strong><em>τη</em></strong></span> <span class='ocrx_word' id='word_1_306' title='bbox 291 3278 308 3312; x_wconf 94' lang='grc' dir='ltr'><strong><em>κ</em></strong></span> <span class='ocrx_word' id='word_1_307' title='bbox 364 3301 370 3312; x_wconf 91' lang='grc'>.</span> 
     </span>
    </p>
   </div>
   <div class='ocr_carea' id='block_1_10' title="bbox 159 3419 1301 3572">
    <p class='ocr_par' dir='ltr' id='par_1_10' title="bbox 159 3419 1301 3572">
     <span class='ocr_line' id='line_1_33' title="bbox 231 3419 1301 3502; baseline 0.008 -24"><span class='ocrx_word' id='word_1_308' title='bbox 231 3430 248 3478; x_wconf 85' lang='grc'><strong>3</strong></span> <span class='ocrx_word' id='word_1_309' title='bbox 272 3428 387 3494; x_wconf 77' lang='grc' dir='ltr'><strong><em>δηλοῦσι</em></strong></span> <span class='ocrx_word' id='word_1_310' title='bbox 410 3427 442 3482; x_wconf 71' lang='grc' dir='ltr'><strong><em>δὲ</em></strong></span> <span class='ocrx_word' id='word_1_311' title='bbox 464 3428 509 3482; x_wconf 75' lang='grc' dir='ltr'><strong><em>λεῖα</em></strong></span> <span class='ocrx_word' id='word_1_312' title='bbox 531 3443 581 3482; x_wconf 86' lang='grc' dir='ltr'><strong><em>ουι.</em></strong></span> <span class='ocrx_word' id='word_1_313' title='bbox 602 3427 632 3495; x_wconf 88' lang='grc' dir='ltr'><strong><em>Ρ,</em></strong></span> <span class='ocrx_word' id='word_1_314' title='bbox 660 3431 709 3496; x_wconf 73' lang='lat' dir='ltr'><strong><em>qui</em></strong></span> <span class='ocrx_word' id='word_1_315' title='bbox 730 3447 754 3485; x_wconf 90' lang='grc' dir='ltr'><strong><em>υ.</em></strong></span> <span class='ocrx_word' id='word_1_316' title='bbox 775 3437 792 3485; x_wconf 85' lang='grc'>4</span> <span class='ocrx_word' id='word_1_317' title='bbox 814 3432 931 3487; x_wconf 77' lang='grc' dir='ltr'><strong><em>ουλίύοίι</em></strong></span> <span class='ocrx_word' id='word_1_318' title='bbox 959 3439 1059 3502; x_wconf 80' lang='grc' dir='ltr'><strong><em>χειρῶν</em></strong></span> <span class='ocrx_word' id='word_1_319' title='bbox 1082 3431 1184 3500; x_wconf 77' lang='grc' dir='ltr'><strong><em>αὐτοῦ,</em></strong></span> <span class='ocrx_word' id='word_1_320' title='bbox 1300 3419 1301 3472; x_wconf 74' lang='grc' dir='ltr'><strong><em>ὶ</em></strong></span> 
     </span>
     <span class='ocr_line' id='line_1_34' title="bbox 159 3495 1301 3572; baseline 0.01 -25"><span class='ocrx_word' id='word_1_321' title='bbox 159 3496 276 3560; x_wconf 84' lang='grc' dir='ltr'><strong><em>δηλοῦσι</em></strong></span> <span class='ocrx_word' id='word_1_322' title='bbox 295 3495 327 3550; x_wconf 75' lang='grc' dir='ltr'><strong><em>δὲ</em></strong></span> <span class='ocrx_word' id='word_1_323' title='bbox 345 3498 394 3551; x_wconf 87' lang='grc' dir='ltr'><strong><em>καὶ</em></strong></span> <span class='ocrx_word' id='word_1_324' title='bbox 412 3497 444 3550; x_wconf 85' lang='grc' dir='ltr'><strong><em>αλ</em></strong></span> <span class='ocrx_word' id='word_1_325' title='bbox 456 3497 541 3550; x_wconf 87' lang='grc' dir='ltr'><strong><em>πύλαι</em></strong></span> <span class='ocrx_word' id='word_1_326' title='bbox 559 3504 610 3566; x_wconf 81' lang='grc' dir='ltr'><strong><em>τῆς</em></strong></span> <span class='ocrx_word' id='word_1_327' title='bbox 623 3497 729 3562; x_wconf 84' lang='grc' dir='ltr'><strong><em>πόλεως</em></strong></span> <span class='ocrx_word' id='word_1_328' title='bbox 742 3500 840 3570; x_wconf 81' lang='grc' dir='ltr'><strong><em>γάζεις.</em></strong></span> <span class='ocrx_word' id='word_1_329' title='bbox 868 3503 938 3570; x_wconf 86' lang='grc' dir='ltr'><strong><em>φησὶ</em></strong></span> <span class='ocrx_word' id='word_1_330' title='bbox 951 3501 1012 3572; x_wconf 89' lang='grc' dir='ltr'><strong><em>γάρ.</em></strong></span> <span class='ocrx_word' id='word_1_331' title='bbox 1027 3534 1063 3542; x_wconf 97' lang='grc'>-</span> <span class='ocrx_word' id='word_1_332' title='bbox 1083 3507 1114 3556; x_wconf 92' lang='grc'><strong><em>11</em></strong></span> <span class='ocrx_word' id='word_1_333' title='bbox 1138 3503 1184 3568; x_wconf 75' lang='grc' dir='ltr'><strong><em>ἐξ·</em></strong></span> <span class='ocrx_word' id='word_1_334' title='bbox 1300 3553 1301 3556; x_wconf 74' lang='grc'>,</span> 
     </span>
    </p>
   </div>
   <div class='ocr_carea' id='block_1_11' title="bbox 162 3565 927 3642">
    <p class='ocr_par' dir='ltr' id='par_1_11' title="bbox 162 3565 927 3642">
     <span class='ocr_line' id='line_1_35' title="bbox 162 3565 927 3642; baseline 0.013 -26"><span class='ocrx_word' id='word_1_335' title='bbox 162 3565 250 3630; x_wconf 74' lang='grc' dir='ltr'><strong><em>ἢλθεν</em></strong></span> <span class='ocrx_word' id='word_1_336' title='bbox 268 3570 294 3620; x_wconf 83' lang='grc' dir='ltr'><strong><em>εί</em></strong></span> <span class='ocrx_word' id='word_1_337' title='bbox 312 3565 343 3618; x_wconf 77' lang='grc' dir='ltr'><strong><em>δὲ</em></strong></span> <span class='ocrx_word' id='word_1_338' title='bbox 362 3582 413 3621; x_wconf 89' lang='lat' dir='ltr'><strong><em>om.</em></strong></span> <span class='ocrx_word' id='word_1_339' title='bbox 428 3567 457 3620; x_wconf 91' lang='lat' dir='ltr'><strong><em>P.</em></strong></span> <span class='ocrx_word' id='word_1_340' title='bbox 478 3599 513 3606; x_wconf 88' lang='lat'>—</span> <span class='ocrx_word' id='word_1_341' title='bbox 533 3573 566 3620; x_wconf 86' lang='grc'>13</span> <span class='ocrx_word' id='word_1_342' title='bbox 586 3568 617 3623; x_wconf 76' lang='grc' dir='ltr'><strong><em>ἐν</em></strong></span> <span class='ocrx_word' id='word_1_343' title='bbox 636 3569 713 3640; x_wconf 86' lang='grc' dir='ltr'><strong><em>ίσχύϊ</em></strong></span> <span class='ocrx_word' id='word_1_344' title='bbox 730 3571 880 3642; x_wconf 83' lang='grc' dir='ltr'><strong><em>διαβόητος</em></strong></span> <span class='ocrx_word' id='word_1_345' title='bbox 897 3572 927 3626; x_wconf 92' lang='lat' dir='ltr'><strong><em>P.</em></strong></span> 
     </span>
    </p>
   </div>
   <div class='ocr_carea' id='block_1_12' title="bbox 0 0 1314 3909">
    <p class='ocr_par' dir='ltr' id='par_1_12' title="bbox 0 0 1314 3909">
     <span class='ocr_line' id='line_1_36' title="bbox 0 0 1314 3909; baseline 0 1"><span class='ocrx_word' id='word_1_346' title='bbox 0 0 1314 3909; x_wconf 95' lang='lat' dir='ltr'><strong><em> </em></strong></span> 
     </span>
    </p>
   </div>
  </div>
 </body>
</html>
