2617 3909
523 195 712 246 xponmon
1061 193 1126 258 359

112 341 287 422 ἐπιμέλειαν.
338 341 412 402 ὅθεν
439 339 478 419 δή
506 340 633 402 Πλάτων
666 333 757 415 αὖθις
788 341 918 422 ἐναργῶς
945 341 1128 406 ἐκδιδάσκων

112 441 192 519 φησί
214 455 220 468 ·
253 439 455 518 ἐπιμελεῖσθαι
486 439 619 518 σώματος
646 440 696 500 δεῖ
721 448 821 520 ψυχῆς
848 441 945 501 εἵνεκα
972 438 1125 521 άρμονίας,

113 532 154 599 δι’
180 531 217 599 ού
245 539 333 618 βιοῦν
360 559 389 598 τε
416 536 475 598 ἐστι
501 535 551 597 καὶ
578 535 679 619 ὀρθῶς
706 539 795 617 βιοῦν
826 536 1028 618 καταγγέλλειν
1054 535 1126 619 <τε>

112 645 165 715 τής
187 634 332 715 ἀληθείας
354 634 386 696 τὸ
409 635 554 716 κήρυγμα.
590 644 677 696 τοῦτο
690 634 750 696 καλ
774 634 790 698 δ
811 641 895 708 θεῖος
913 632 972 714 ἔφη
991 640 1126 710 Παῦλος·

113 733 274 807 ὑπωπιάζω
304 756 362 813 μου
389 732 422 793 τὸ
449 742 533 811 σῶμα
559 731 610 794 καλ
637 734 830 815 δουλαγωγῶ,
862 727 940 796 τοῦτ’
966 732 1025 795 ἐστι
1051 733 1125 815 πρὸς
1152 754 1165 795 σ

112 830 239 910 άσκησιν
266 829 316 891 καὶ
343 830 482 892 σύστασιν
510 830 582 892 αύτὸ
610 825 671 910 μετ’
693 830 854 911 ἐπιστήμης
879 831 929 893 καλ
952 831 1126 914 φρονήσεως

111 929 250 1008 γυμνάζω
277 926 327 989 καὶ
353 927 428 1009 πρὸς
455 927 510 1007 τήν
533 938 592 989 τῶν
614 929 789 1009 κρειττόνων
811 931 968 1013 συνεργίαν
992 930 1028 991 ού
1051 929 1125 1012 πρὸς

111 1025 264 1107 ἀσέλγειαν
286 1034 479 1107 προνοοῦμαι.
516 1026 607 1105 ταύτη
626 1049 672 1087 τοι
690 1025 739 1088 καλ
757 1033 899 1109 παραινεῖ
917 1029 1053 1106 φάσκων·
1077 1027 1126 1090 έν-

112 1125 246 1185 δύσασθε
273 1123 326 1184 τὸν
352 1124 457 1204 κύριον
481 1119 598 1202 Ἰησοῦν
625 1124 676 1185 καλ
702 1135 755 1204 τής
778 1127 886 1208 σαρκὸς
912 1125 1056 1207 πρόνοιαν
1083 1126 1125 1207 μή

109 1227 246 1282 ποιεῖσθε
274 1222 316 1294 εἰς
343 1220 520 1301 ἐπιθυμίας,
550 1222 587 1283 ού
609 1223 665 1303 τήν
692 1223 857 1304 σύμμετρον
884 1221 933 1284 καλ
960 1223 1125 1306 ἀναγκαίαν
1139 1245 1165 1285 ιο

112 1318 279 1398 ἐπιμέλειαν
301 1318 375 1399 πρὸς
398 1319 539 1381 σύστασιν
561 1319 776 1403 ἀπαγορεύσας,
798 1320 871 1382 ἀλλὰ
893 1321 948 1401 τὴν
966 1320 1125 1396 ἀκολασίας
1139 1335 1179 1376 26⁵
1192 1335 1224 1374 M-

111 1415 222 1498 μητέρα
243 1418 486 1499 γαστριμαργίαν·
510 1417 637 1499 ἐπήγαγε
660 1419 727 1501 γάρ·
752 1420 794 1493 εἰς
814 1418 986 1498 ἐπιθυμίας,
1010 1420 1124 1499 δηλαδή

111 1514 256 1595 βλαβεράς
279 1513 329 1574 καλ
351 1513 507 1594 ἀνοήτους.
549 1515 585 1577 ού
608 1515 663 1599 γάρ
682 1517 829 1595 τοσαύτην
847 1516 926 1601 αύτῷ
945 1515 1125 1599 προσφέρειν

110 1614 162 1673 δεῖ
179 1613 353 1695 θεραπείαν,
376 1610 416 1686 ὡς
434 1624 628 1694 κατασκιρτῦν
645 1624 698 1693 τής
716 1625 827 1695 ψυχῆς,
845 1608 908 1676 ἀλλ’
928 1615 978 1675 ἵνα
996 1625 1123 1702 συνεργή

109 1709 161 1771 καὶ
183 1717 384 1795 καθυπουργή
407 1717 469 1785 τοῖς
487 1709 611 1784 ἐκείνοις
628 1710 758 1793 ἀρίστοις
776 1711 1012 1793 ἐπιτηδεύμασιν.
1049 1732 1124 1793 συμ-
1138 1735 1165 1775 15

109 1809 269 1887 πεφύνηκε
292 1810 394 1871 τοίνυν
416 1808 473 1870 κάν
496 1810 610 1883 τούτοις
629 1808 645 1872 δ
664 1811 792 1872 Πλάτων
812 1802 846 1871 εύ
869 1811 946 1890 μάλα
969 1817 1030 1884 τοῖς
1053 1808 1124 1889 ἡμε-

107 1905 204 1990 τέροις
239 1905 294 1984 τήν
330 1904 496 1987 ἀναγκαίαν
531 1906 581 1967 καλ
617 1906 745 1969 δέουσαν
777 1907 941 1987 ἐπιμέλειαν
972 1914 1125 1970 ποιεῖσθαι

107 2004 316 2087 παρεγγυήσας
333 2013 386 2065 τοῦ
404 2004 548 2084 σώματος,
571 2002 705 2078 ύπέδειξέ
727 2027 757 2065 τε
779 2004 869 2065 πάλιν
890 2003 941 2065 καὶ
962 2005 1124 2085 διεσάφησε

107 2100 159 2162 καλ
186 2101 267 2174 ὅπως
293 2098 410 2182 ἀρχεται
435 2099 486 2162 καί
513 2099 631 2175 αύξεται
658 2111 710 2182 τής
738 2101 855 2181 φαύλης
885 2101 1046 2182 ἐπιθυμίας
1072 2102 1123 2165 καλ

181 2314 250 2361 1-4
268 2308 433 2363 Theodoret.
453 2309 488 2364 ῶ.
506 2307 557 2360 XII
574 2307 671 2378 Migne
688 2309 792 2362 1140A
811 2309 854 2379 (cf.
869 2308 895 2362 V
913 2308 1009 2379 Migne
1028 2312 1080 2362 928
1091 2307 1123 2380 O)

107 2379 210 2433 Platon
223 2380 292 2449 Περ.
307 2380 345 2433 IX
360 2379 451 2433 5911).
467 2411 501 2420 -
516 2379 566 2433 51.
582 2377 642 2433 Cor.
658 2384 682 2442 9,
698 2385 740 2433 27.
756 2411 789 2420 -
805 2384 893 2448 8-10·
909 2386 970 2448 360,
985 2386 1000 2434 5
1015 2379 1122 2434 Theod.

106 2453 143 2505 ib.
158 2449 210 2504 XII
228 2451 323 2521 Migne
343 2451 452 2505 114013.
472 2482 506 2492 -
525 2454 542 2504 8
560 2449 639 2504 Βοω.
657 2456 755 2519 13,14.

182 2645 196 2692 1
221 2638 345 2707 ἐναργῶς
368 2637 453 2692 ἐκδιδ.
478 2634 565 2706 φησίν
587 2654 638 2692 om.
662 2637 693 2692 Β.
715 2669 750 2677 -
774 2637 897 2707 ἐναργῶς
920 2634 1006 2701 αὖθις
1028 2637 1062 2692 N.
1090 2671 1122 2680 —

106 2717 123 2762 2
145 2708 288 2765 είνεκαιΡ
306 2707 388 2763 ἕνεκα
404 2708 430 2761 N
450 2708 531 2763 ἕνεκα
549 2708 598 2762 καλ
616 2708 647 2762 Β.
668 2740 701 2749 -
721 2715 737 2762 3
755 2708 786 2764 τέ
804 2709 861 2764 ἐστι
875 2709 988 2764 ARNV.
1004 2742 1038 2750 -
1057 2729 1124 2764 κατ-

106 2778 250 2851 αγγέλλειν
263 2778 357 2851 (ἐλειν
368 2779 391 2832 Ρ
404 2796 474 2834 rece.
486 2779 611 2849 quidam)
627 2778 779 2834 GDEFLP
792 2787 818 2836 ετ
830 2797 900 2834 rece.
915 2781 1044 2850 plerique
1058 2800 1124 2834 κατ-

106 2850 232 2923 αγγέλλει
250 2851 305 2904 ΑΜ
327 2849 491 2921 καταγγέλοι
508 2867 579 2905 εοοο.
598 2850 728 2904 nonnulli
750 2851 942 2921 καταγγέλλων
964 2870 993 2906 τε
1012 2852 1034 2904 Β
1057 2871 1124 2906 κατ·

107 2920 288 2994 αγγέλλοντος
312 2922 338 2977 V
368 2920 605 2993 καταγγέλλοντας
629 2922 735 2976 Theod.
764 2955 798 2963 -
827 2929 843 2977 ὅ
869 2921 1013 2987 ὑποπιάζω
1042 2922 1123 2977 codd.

103 3001 214 3063 praeter
231 2994 265 3049 V.
285 3025 318 3034 -
339 3000 353 3047 ‘1
374 2991 537 3065 σονεργείαν
556 2993 612 3047 ΠΒ
634 2992 798 3064 συνέργειαν
813 2991 917 3048 ΑΟΡΜ
934 2990 1083 3063 συνεργίας
1101 2993 1124 3046 Ρ

107 3069 191 3169 σονέρ
210 3102 240 3155 B.
260 3133 296 3142 -
314 3106 330 3155 8
350 3101 508 3157 ἐνδύσασθε
526 3121 549 3155 τ.
564 3122 589 3155 κ.
602 3097 713 3170 Ἰησοῦν
732 3117 782 3156 om.
798 3100 894 3155 FExc.
916 3132 949 3141 -
970 3105 1002 3154 10
1022 3101 1124 3156 ἐπιθυ-

106 3169 176 3240 μίαν
195 3172 250 3226 ΑΒ.
272 3205 305 3214 -
330 3179 362 3226 12
381 3170 435 3243 γάρ
454 3189 504 3228 om.
522 3171 635 3226 BOEF.
660 3203 694 3213 -
720 3177 752 3226 15
772 3170 881 3242 ἐκείνης
898 3170 1006 3226 BGDE
1016 3171 1122 3227 Theod.

106 3261 158 3297 οκι.
174 3243 211 3297 Μ.
232 3277 265 3284 -
287 3250 320 3298 16
339 3242 448 3316 τοίνυν]
467 3239 518 3298 σύν
537 3244 564 3297 Ν
581 3261 632 3298 om.
647 3244 680 3296 A.
701 3275 734 3284 -
753 3241 850 3299 τοίνυν
868 3244 923 3297 κάν
941 3261 991 3298 om.
1007 3242 1035 3297 (λ.

179 3432 340 3502 Ββιοῦντες
363 3430 403 3485 ἔτι
421 3430 450 3485 Ρ.
476 3461 509 3470 -
533 3430 667 3499 9κύριον
690 3429 768 3498 ήμῶν
792 3431 889 3498 ίησοῦν
908 3429 937 3483 P.
962 3461 995 3470 —
1021 3435 1054 3483 10
1072 3431 1123 3484 ἀν-

108 3500 213 3571 αγγέαν
227 3501 256 3554 Ρ.
272 3534 305 3542 -
322 3507 355 3555 13
387 3501 519 3573 λαβεράς]
533 3501 684 3573 βδελλυράς
697 3501 727 3555 P.
743 3534 777 3542 —
793 3508 826 3555 14
840 3501 888 3573 ὡς]
903 3500 971 3556 ὥστε
985 3501 1123 3556 PTheod.

108 3602 143 3610 -
162 3577 195 3626 18
216 3572 337 3637 ἐπέδειξε
388 3571 492 3627 Theod.
517 3605 551 3613 -
573 3572 660 3628 πάλιν
678 3574 727 3628 καλ
745 3573 897 3643 διεσάφησε
916 3590 966 3628 om.
986 3572 1123 3628 PTheod.
