2617 3909
518 218 706 270 XPONIKON
1056 212 1120 277 345

108 368 206 443 ιιόσιν;
229 364 280 427 παῖ
302 366 415 428 τούτων
436 365 492 449 γάρ
516 364 625 444 δμοίως
648 362 664 425 ό
687 375 746 426 τῶν
764 365 866 428 πόνων
889 365 996 446 οῖ’χεται
1015 363 1123 443 μισθὸς

108 462 322 548 ἀρνησαμένων
351 464 403 526 τὸν
430 474 489 525 τῶν
511 464 653 526 ἐπάθλων
677 461 819 542 διανομέα
840 461 891 524 καί
914 472 965 542 τής
988 461 1123 541 ἀληθοῦς

109 565 185 641 ζωής
214 561 263 625 nai
293 562 473 639 φιλοσοφίας
502 559 725 638 ἀποσφαλεῖσιν.
772 562 934 639 φιλοσοφία
961 561 1017 642 γάρ
1045 560 1123 621 ἐστιν

107 658 197 740 ήθῶν
224 660 409 740 ιιατόρθωσις
434 658 505 738 μετὰ
528 658 617 738 δόξης
639 669 693 738 τής
715 658 782 740 περί
805 668 857 720 τοῦ
881 656 966 732 όντος
988 660 1123 738 γνώσεως

108 756 252 837 ἀληθοῦς.
297 757 407 836 ταύτης
434 755 466 818 δὲ
491 755 705 836 ἀπεσφάλησαν
728 755 819 836 ἀμφω
842 755 891 818 καὶ
911 750 1051 817 Ἰουδαῖοι
1073 755 1123 817 καὶ
1151 776 1163 816 ιι

100 851 245 935 Ἕλληνες
271 855 325 934 τήν
348 850 401 916 ἀπ’
422 854 553 936 ούρανοῦ
580 854 824 936 παραγενομένην
847 856 957 932 σοφίαν
979 876 1123 936 παραιτη-

30 1019 33 1024 ,
109 954 232 1034 σάμενοι
258 952 309 1014 καί
335 952 424 1036 χωρίς
446 957 576 1035 Χριστοῦ
607 959 784 1031 φιλοσοφεῖν
811 952 1045 1035 ἐπιχειρήσαντες
1071 961 1123 1013 τοῦ

110 1050 206 1131 μόνου
229 1052 458 1133 παραδείξαντος
478 1051 553 1137 ἔρχιμ
571 1049 621 1112 καὶ
640 1051 716 1136 λόγῳ
734 1051 789 1130 τήν
807 1049 909 1130 ἀληθή
933 1052 1123 1130 φιλοσοφίαν.

110 1143 198 1222 οὗτος
214 1138 275 1230 ’γὰρ
298 1158 413 1231 πρῶτος
436 1147 485 1210 καὶ
509 1150 600 1227 μόνος
623 1149 702 1228 ἔτεμε
724 1151 763 1233 τῷ
779 1151 834 1235 βίφ
853 1150 908 1229 τήν
926 1150 1035 1228 ταύτης
1053 1146 1125 1211 ὁδὸν

108 1249 258 1309 πολιτείαν
288 1247 505 1326 ἐπιδειξάμενος
532 1245 671 1329 ιιαθαράν
699 1246 749 1308 ιιαῖ
776 1245 926 1328 ἀνωτέραν
953 1245 998 1308 ἀεὶ
1025 1245 1124 1329 φέρων
1139 1266 1165 1307 1⁰

109 1346 166 1425 τήν
189 1346 293 1425 ψυχήν
315 1354 374 1406 τῶν
396 1350 507 1406 παθῶν
529 1355 582 1405 τοῦ
604 1346 748 1425 σώματος,
771 1345 891 1425 ἔσχατον
911 1342 942 1406 δὲ
965 1344 1015 1406 καί
1033 1344 1125 1424 αὐτῆς

109 1443 354 1523 καταφρονήσας,
386 1443 433 1504 ὅτε
464 1440 484 1521 ή
516 1436 586 1524 παρ’
613 1443 705 1504 αύτοῦ
733 1441 968 1524 οῖιιονομουμένη
996 1443 1126 1523 σωτηρία

109 1551 170 1602 τῶν
192 1539 364 1621 ἀνθρώπων
387 1538 491 1628 ἀπήτει
513 1541 663 1621 θάνατον,
687 1541 836 1603 διδάσιιιον
859 1540 909 1602 διὰ
931 1542 1058 1621 τούτων,
1081 1541 1125 1602 ότι

109 1641 160 1701 δεῖ
185 1637 238 1700 τδν
268 1637 437 1718 φιλόσοφον
464 1636 565 1718 ὀρθῶς
591 1640 829 1721 προαιρούμενον
856 1637 1045 1720 ἀρνήσασθαι
1072 1637 1126 1720 μὲν

109 1737 146 1798 τὰ
174 1734 248 1816 ήδέα
274 1737 371 1798 πάντα
397 1746 450 1798 τοῦ
477 1739 561 1818 βίου,
587 1738 691 1800 πόνων
719 1735 751 1799 δέ
778 1736 827 1800 καί
854 1743 964 1799 παθῶν
991 1728 1025 1799 εὖ
1049 1737 1125 1817 μύλα
1141 1756 1165 1797 ω

109 1835 277 1915 ἐπικρατεῖν
299 1845 545 1916 καταφρονοῦντα
567 1845 620 1896 τοῦ
643 1835 790 1916 σώματος,
821 1835 896 1916 ἐχειν
919 1832 951 1896 δέ
975 1832 1049 1915 μηδέ
1070 1835 1126 1915 τήν

108 1923 214 2013 φυχήν
237 1935 346 2014 τιμίαν,
368 1932 442 1994 ἀλλά
464 1932 515 1994 ιιαί
536 1934 647 2012 ταύτην
670 1933 791 2012 ἑτοίμως
813 1931 969 2014 προέσθαι,
993 1933 1063 1994 όταν
1082 1926 1123 1994 δι’

27 2063 31 2069 ·
109 2031 217 2114 ἀρετῆς
239 2031 379 2105 ἐπίδειξιν
402 2029 574 2093 ἀποθέσθαι
597 2028 667 2092 δέοι.
708 2029 759 2091 καί
779 2031 890 2110 ταύτην
907 2029 1126 2111 παραλαβόντες
1140 2051 1179 2091 σοι
1192 2049 1223 2089 οι.

110 2131 144 2191 οῖ
173 2127 331 2192 ἀπόστολοι
362 2128 455 2191 αότοῦ
484 2127 535 2189 παὶ
566 2127 700 2207 μαθηταὶ
729 2128 859 2209 γνησίως
889 2127 944 2206 τήν
975 2127 1126 2208 διαγωγήν

110 2226 304 2307 ἐμιμήσαντο·
336 2227 398 2306 ἀμα
428 2225 484 2309 γάρ
516 2233 555 2310 τῷ
583 2230 736 2305 κληθῆναι
767 2223 983 2304 ἀποταξάμευοι
1010 2223 1063 2303 μὲν
1090 2232 1167 2309 τῷιο

23 2383 28 2390 .
111 2326 168 2409 βίῳ
199 2323 250 2386 καὶ
281 2323 469 2405 ὑπεριδόντες
500 2324 640 2404 πατρίδος
671 2322 721 2385 παὶ
755 2322 861 2405 γένους
893 2321 943 2383 ιιαλ
974 2321 1127 2404 ὑπάρξεως
1205 2363 1210 2372 ·

112 2422 190 2505 πρὸς
211 2421 263 2484 τὸν
286 2422 415 2503 σιιληρδν
437 2421 487 2484 καί
509 2421 652 2484 ἐπίπονον
671 2421 766 2496 εὐθὺς
785 2422 973 2500 μετετάξαντο
992 2422 1059 2502 βίον
1078 2421 1127 2481 διὰ

110 2521 233 2582 πάντων
259 2519 443 2600 χωρήσαντες
470 2530 529 2582 τῶν
557 2520 706 2600 δυσχερῶν
733 2517 782 2580 καί
808 2517 1025 2600 τεθλιμμένων,
1057 2520 1126 2580 διω-

186 2688 219 2736 εο
238 2682 321 2736 Hebr.
339 2687 381 2750 11,
396 2687 437 2736 οι.

186 2821 202 2869 3
217 2813 436 2884 ἀποσφαλείσειν
449 2815 515 2870 Exn.
532 2847 564 2856 -
580 2822 597 2869 4
611 2814 692 2878 ὄντος
706 2815 756 2870 OD
766 2815 831 2870 Exc.
840 2815 897 2870 Nil.
918 2815 1005 2881 όντως
1017 2816 1076 2870 rell.
1093 2848 1126 2856 -

113 2893 129 2941 9
150 2888 199 2941 καί
217 2885 303 2955 μόνος
320 2888 369 2942 ιιιιί
381 2895 491 2955 πρῶτος
504 2887 530 2940 Ν
549 2888 607 2956 (καί
626 2885 711 2956 μόνος
729 2904 778 2942 om.
793 2887 870 2957 Nil.).
886 2919 918 2927 -
940 2893 973 2941 13
992 2886 1127 2956 ἀπητήθη

112 2957 225 3012 BCEV.
242 2990 275 2998 —
296 2963 329 3012 14
348 2961 513 3028 φιλοσοφεῖν
527 2957 583 3011 BN
590 2957 647 3012 Nil.
664 2959 708 3027 (αρ’.
722 2975 749 3028 p.
765 2963 826 3026 343,
841 2960 875 3027 8).
891 2990 924 2998 —
945 2964 977 3012 16
992 2958 1062 3028 μηδὲ
1077 2975 1126 3013 om.

113 3029 219 3084 AExc.
248 3062 281 3070 -
311 3035 343 3083 1⁷
363 3026 510 3099 ἀτίμωςΑ
532 3030 687 3098 προθύμως
705 3030 802 3084 RExc.
825 3061 861 3070 -
883 3027 1024 3097 πρόεσθαι
1047 3028 1126 3084 codd.

111 3109 221 3170 praeter
233 3100 364 3156 BMEm.
384 3098 547 3170 (προίεσθαι
559 3099 636 3169 Νἰ1,),
650 3133 686 3142 -
706 3106 739 3154 20
758 3101 789 3155 τδ
808 3103 950 3170 κληθῆναι
964 3099 1077 3155 CDEP.
1093 3133 1127 3140 —

113 3171 166 3242 μέν
179 3189 230 3226 om.
246 3172 342 3227 AExe.
358 3205 391 3213 —
411 3178 445 3225 22
464 3171 627 3227 διαπάντων
642 3171 743 3226 ADFP
752 3171 817 3226 Exc.
837 3168 879 3228 δι’
895 3171 1028 3226 ἀπάντων
1045 3171 1073 3226 Ο.
1094 3204 1127 3211 -

114 3249 150 3296 23
169 3248 311 3315 δυσχερῶν
329 3262 359 3298 τε
377 3244 426 3298 καί
445 3242 504 3298 GN.

187 3392 204 3439 3
223 3389 305 3455 ζωῆς,
328 3386 378 3440 ιιαί
401 3385 450 3440 διὰ
472 3393 554 3440 τοῦτο
577 3386 626 3439 καί
648 3392 698 3453 τῆς
720 3385 847 3456 ἀληθοῦς
870 3382 1038 3455 φιλοσοφίας
1059 3386 1128 3440 ἀπο-

115 3460 263 3526 σφαλεῖσιν
281 3457 369 3512 PNil.
393 3490 426 3498 —
451 3462 484 3510 21
505 3455 564 3531 βίφ,
583 3457 763 3526 ὑπεριδόντες
781 3458 813 3511 δὲ
831 3454 954 3525 πατρίδα
977 3459 1025 3512 καί
1048 3456 1129 3529 γένος

114 3529 165 3581 καί
185 3527 306 3596 ὕπαρξιν
324 3528 412 3583 PNil.
437 3559 470 3568 -
495 3533 528 3581 23
547 3537 602 3584 τῶν
621 3533 764 3600 δυσχερῶν
786 3527 951 3654 θλιχλόμενοι
973 3549 1062 3584 ιιαιιου
1081 3529 1128 3584 ού-

114 3617 195 3669 μενοι
215 3598 394 3669 ἐλαυνόμενοι
413 3600 630 3670 χυμνητεύοντες
648 3601 742 3655 αὐτῶν
758 3608 814 3655 τῶν
849 3621 871 3654 ν.
888 3600 992 3663 ἐνδεεῖς
1004 3549 1092 3655 ΡΝά.
