2617 3909
174 207 241 271 364
487 208 675 260 ΓεειΡιῚοτ
692 208 875 260 ΜοΝΑΧοτ

175 365 267 417 ταῦτα
288 355 339 417 καί
361 355 397 416 τά
424 357 539 429 τούτοις
564 355 755 436 παραπλήσια
778 355 815 418 ού
838 356 912 437 πρὸς
936 355 1087 435 μοναχούς
1112 355 1203 437 ἐρρή-

175 459 294 534 θησαν,
323 453 396 515 ἀλλὰ
423 455 497 536 πρὸς
519 454 681 533 κοσμιιιοὺς
703 453 753 514 καί
776 452 932 534 βιωτιαοὺς
955 452 1005 513 καί
1028 454 1082 515 τόν
1106 453 1203 536 πρόσ-

175 557 249 612 υλον
276 551 326 612 ιιαί
352 552 449 633 γεώδη
477 554 545 632 βίον
572 550 831 636 έπανηρημένους,
865 550 941 632 ἐπεί,
969 549 1007 612 ἀν
1035 549 1094 632 ἀρα
1123 551 1202 632 πρὸς

177 649 326 730 μοναχούς
347 647 397 709 καλ
420 648 513 729 μόνον
532 647 706 730 ἐλέχθησαν,
730 649 914 730 ἐλεεινότεροι
932 649 1054 710 πάντων
1072 647 1200 729 ἀνθρώ-

150 769 242 809 οπων
265 746 339 809 είσλν
362 747 394 808 οἱ
413 747 550 827 κοσμικολ
572 757 632 808 τῶν
653 748 797 808 τοιούτων
820 756 1013 828 μαιιαρισμῶν
1031 745 1201 808 καλθείωυ

176 846 303 908 ἐντολῶν
333 843 569 927 ἀπεστερημένοι.
620 847 648 907 εί
678 845 711 907 δέ
742 869 774 926 γε
804 845 906 918 κοινὸς
934 843 950 907 6
977 844 1072 923 νόμος
1101 844 1153 906 καί
1183 845 1200 907 6

177 945 278 1025 ζυγός,
308 942 408 1017 κοινός
435 943 485 1004 ιιαί
509 942 524 1005 6
548 943 731 1024 μακαρισμός
753 942 804 1004 καί
827 941 844 1005 6
866 942 1044 1022 ταλανισμὸς
1067 941 1200 1022 εύδηλον

177 1042 236 1121 ότι,
261 1042 290 1102 εἰ
310 1040 360 1102 ιιαλ
382 1040 633 1123 ἀναγινώσκοντες
656 1041 712 1103 ούιι
735 1039 963 1122 ἐπιγινώσκουσι
984 1041 1018 1102 τὸ
1041 1041 1199 1122 παράπαν,

78 1162 118 1202 τοι
134 1160 165 1200 n.
180 1139 242 1202 ἐπεὶ
265 1139 321 1201 ούιι
343 1137 382 1200 ἀν
404 1139 474 1214 τούς
495 1138 648 1212 ἀναιτίους
666 1138 716 1200 καί
734 1145 886 1217 θεοφιλεῖς
909 1140 1092 1219 μονάζοντας
1113 1162 1198 1200 κατε-

139 1259 164 1298 ιο
179 1238 299 1311 δίκαζον
321 1233 367 1300 ἐπ’
388 1235 503 1322 ὀλέθρῳ
521 1247 573 1317 τῆς
591 1237 705 1298 ἑαυτῶν
724 1237 896 1317 ἀδιακρίτου
914 1245 1015 1316 ψυχῆς
1033 1235 1085 1297 καί
1103 1238 1198 1318 γλάσ-
1280 1257 1281 1260 ’

178 1353 233 1415 σης
256 1335 419 1397 ἀκολάστου
441 1335 492 1396 καί
514 1337 636 1417 γνώμης
658 1333 840 1416 ἀγνώμονος.

493 1525 544 1612 [ς’.
578 1530 668 1613 Περί
691 1526 880 1613 Νέρωνος]
1282 1447 1283 1540 ἀ

246 1663 335 1724 Μετά
354 1663 385 1725 δὲ
403 1665 557 1725 Κλαύδιον
576 1663 742 1744 ἐβασίλευσε
757 1663 864 1744 Νέρων
880 1663 946 1736 υίὸς
964 1663 1058 1726 αὐτοῦ
1075 1664 1125 1744 έτη
1146 1661 1196 1726 ιδ’.

81 1783 165 1825 26911.
181 1755 229 1839 ἐφ’
251 1755 288 1822 οὗ
311 1762 417 1840 Σίμων
441 1758 456 1822 6
485 1762 577 1843 μάγος
604 1762 703 1825 ἐλθὼν
730 1762 762 1824 ἐν
779 1757 875 1846 Ῥώμη
899 1761 948 1823 καί
971 1762 1065 1822 πολλά
1090 1770 1198 1842 σημεῖα
1284 1773 1285 1844 λ

139 1881 165 1921 15
180 1859 229 1922 όιά
252 1861 386 1942 γοητείας
409 1858 458 1920 καί
482 1862 647 1937 φαντασίας
669 1861 751 1935 τινὰς
770 1860 908 1922 ἐπιτελῶν
926 1859 975 1921 καί
995 1859 1103 1922 ἐαυτὸν
1122 1861 1197 1922 θεὸν

179 1956 343 2039 ὀνομάζων,
366 1957 491 2019 καὶτοῦ
520 1960 647 2040 μεγάλου
671 1958 787 2039 Πέτρου
810 1958 864 2037 τὴν
884 1951 998 2038 Ῥώμην
1021 1957 1085 2020 τότε
1108 1982 1196 2020 πατα-
1285 1936 1286 1988 s

179 2057 321 2137 λαβόντος
344 2056 393 2117 καὶ
416 2056 490 2138 πρὸς
513 2057 564 2117 τὸν
588 2057 683 2138 μάγον
706 2055 904 2136 ἀπελθόντος,
928 2049 993 2136 εύρε
1016 2056 1095 2118 κύνα
1118 2079 1196 2136 παμ-

180 2153 291 2236 μεγέθη
325 2151 481 2233 δεόεμένον
512 2151 650 2215 ἀλύσεσιν
683 2152 715 2215 έν
745 2160 785 2238 τῷ
813 2159 942 2234 πυλῶνι,
974 2149 1010 2214 ὃν
1043 2151 1059 2215 6
1090 2157 1197 2235 Σίμων

180 2251 327 2331 δεσμίρσας
345 2250 452 2313 ἐκώλυε
475 2251 587 2324 πάντας
606 2249 660 2324 οὓς
679 2251 734 2313 ούιι
752 2249 841 2330 ἤθελε
859 2251 933 2333 πρὸς
951 2251 1043 2313 αὐτὸν
1061 2251 1196 2313 εἰσιέναι

140 2373 167 2412 το
180 2349 230 2410 καί
252 2358 339 2412 τοῦτο
362 2341 401 2429 ἦν
424 2359 541 2430 πρῶτον
564 2355 669 2427 θαῦμα
691 2355 731 2432 τῷ
751 2348 883 2428 μέλλοντι
901 2350 974 2431 πρὸς
993 2350 1120 2428 Σίμωνα
1138 2351 1196 2411 είσ-

180 2447 325 2529 έρχεσθαι.
376 2446 392 2509 6
420 2445 451 2509 δὲ
480 2446 592 2529 Πέτρος
622 2446 696 2507 ἰδὼν
728 2447 779 2507 τὸν
811 2448 888 2509 κύνα
921 2448 998 2508 οότω
1026 2446 1120 2528 μέγαν
1147 2447 1197 2509 καί

253 2671 287 2718 14
297 2682 358 2734 -ρ,
374 2669 435 2730 366,
451 2668 465 2714 1
485 2665 519 2731 ef.
534 2662 654 2716 Malalas
669 2679 698 2732 μ.
715 2667 776 2729 252,
790 2668 867 2732 bsqq.

254 2848 267 2895 1
283 2841 383 2911 ταῦτα]
393 2839 487 2894 πάντα
496 2840 551 2894 MV
565 2857 615 2896 om.
626 2839 675 2892 BD
690 2858 758 2895 eras.
769 2844 801 2894 ι’νι
810 2841 842 2894 A.
854 2872 889 2880 -
902 2839 1084 2909 παραπλήσια
1100 2840 1197 2894 πάντα

181 2910 361 2965 AODEFLR
383 2911 476 2965 πάντα
495 2930 545 2966 om.
565 2911 683 2965 BMPV.
708 2943 741 2952 -—
768 2911 913 2980 ἐρήθησαν
932 2910 984 2965 CN
1010 2909 1153 2980 ἐρέθησαν
1172 2915 1197 2965 Α

182 2981 340 3051 ἐρρέθησαν
359 2983 391 3035 R.
417 3014 450 3023 —
473 2984 521 3036 ιιαλ
539 2983 610 3050 πρὸς
627 2983 688 3036 BR.
714 3015 746 3022 -
772 2989 788 3038 θ
812 2978 868 3050 ἀρα
887 2982 1024 3036 ABFNP.
1048 3015 1083 3022 —
1110 2989 1127 3036 4
1148 2985 1198 3037 τιαλ

181 3053 270 3124 μόνον
284 3071 334 3108 om.
349 3053 370 3106 F
387 3055 436 3107 καί
449 3071 500 3108 om.
514 3053 549 3108 N.
565 3085 598 3094 —
614 3052 781 3126 ἐλέχθησαν]
796 3053 958 3123 ἐρρήθησαν
972 3053 1000 3124 (η’
1014 3057 1046 3108 in
1060 3055 1099 3108 lit.
1117 3056 1150 3107 ι’τι
1163 3054 1198 3124 Β)

181 3125 232 3178 BF
254 3123 411 3193 ἐρρέθησαν
430 3125 459 3180 L.
478 3157 511 3165 —
531 3131 547 3179 ό
565 3134 621 3179 τῶν
639 3126 774 3180 τοιούτων
793 3125 838 3178 LP
860 3134 915 3180 τῶν
932 3141 982 3180 om.
1001 3124 1061 3179 rell.
1083 3156 1116 3165 —
1137 3131 1153 3179 8
1173 3126 1199 3180 εἰ

182 3196 242 3267 καί]
261 3196 309 3248 καί
324 3195 390 3250 οἱΒ
408 3197 433 3251 εί
447 3214 496 3251 om.
512 3196 574 3250 BN.
589 3229 622 3237 -
643 3201 659 3248 9
679 3196 886 3266 μουαχούςΔΡ.
902 3229 936 3236 -
957 3202 989 3250 13
1009 3195 1100 3258 ὁυὶὸς
1115 3197 1197 3250 codd.

177 3272 288 3336 praeter
301 3266 390 3322 BNP.
407 3300 440 3308 -
456 3274 488 3322 16
503 3267 623 3337 μεγάλου
637 3265 793 3321 ἀποστόλου
803 3265 910 3338 ιττέτρου
925 3267 1005 3322 codd.
1016 3275 1127 3337 praeter
1140 3268 1197 3322 ΑΡ.

254 3448 268 3495 1
290 3443 471 3511 παραπλήσια
493 3444 602 3506 τούτοις
624 3443 653 3496 Ρ.
680 3475 712 3482 -
738 3443 900 3513 ἐρρήθησαν
922 3453 1075 3513 τηνικαῦτα
1098 3445 1199 3506 καθώς

182 3512 386 3651 ηρίυγρρείρσιν
410 3516 468 3581 (sic)
493 3512 523 3566 P.
551 3545 586 3552 -
614 3519 629 3564 3
654 3513 705 3566 ἐὰν
728 3513 757 3567 Ρ.
787 3545 820 3554 -
851 3521 881 3568 11
906 3516 996 3570 Plura
1019 3515 1081 3568 add.
1101 3513 1131 3567 P.
1163 3547 1196 3555 -
