2617 3909
549 265 738 317 xpomxon
1082 264 1147 329 259

135 410 228 490 φασίν
261 413 294 473 οἵ
323 410 453 495 ἀκριβεῖς
484 422 537 492 τῆς
569 411 748 491 οἰκουμένης
777 414 995 496 κοσμογράφοι,
1024 415 1067 476 ὅτι
1094 436 1148 496 περ
1164 438 1201 477 187
1215 437 1246 475 M.

134 509 379 594 ἀνατολικώτερος
401 511 498 589 πάσης
521 520 574 592 τῆς
597 508 774 590 οἰκουμένης
796 510 846 571 καλ
869 511 966 593 ὥσπερ
984 496 1147 591 θυσιαστή-

134 631 200 690 ριον
222 607 314 688 αὐτῆς
336 607 459 690 ὑπάρχει
482 607 498 670 δ
521 608 709 692 παράδεισος,
733 601 769 669 οῦ
792 610 827 669 αι’
845 619 937 692 χῶραι
959 620 1018 671 τῶν
1041 608 1148 672 ἐσωτά-

133 729 192 769 των
212 703 317 768 Ἰνδῶν
343 707 569 788 πλησιάζουσαι,
597 707 706 779 πάντες
733 707 835 787 σχεδὸν
859 709 891 768 ολ
910 706 1018 790 καρποί
1041 705 1148 770 εὐωδί-

134 805 235 867 στατοί
259 803 316 866 είσι
342 803 391 882 καί
419 801 633 888 ἀρωματάδεις.
680 803 729 864 διὰ
752 803 808 887 γάρ
833 803 927 888 αὐρας
949 816 1008 866 τῶν
1030 804 1148 884 ἀνίμων
1176 828 1188 868 5

31 956 35 961 .
133 901 401 983 κατακομιζομένης
428 901 478 963 καλ
508 900 739 983 μεταδιδομὲνης
766 903 867 976 αὐτοῖς
894 913 946 982 τῆς
968 904 1094 977 εὐωδίας
1117 902 1149 964 ἐκ

134 1011 193 1062 τῶν
216 1009 268 1062 τοῦ
292 1001 473 1083 παραδείσου
497 1009 600 1080 φυτῶν
628 1001 886 1081 συλλαμβάνουσιν
914 1001 1009 1083 δόσπερ
1032 1001 1067 1062 τὰ
1089 1010 1149 1062 τῶν

133 1098 270 1178 ἀλλήλοις
293 1097 514 1178 πλησιαζόντων
537 1099 685 1176 φοινίκων
707 1097 757 1159 καί
780 1099 996 1179 μεταδιδόντων
1018 1099 1068 1160 διὰ
1090 1109 1149 1160 τῶν

133 1195 251 1276 ἀνίμων
280 1195 416 1276 ἀλλήλοις
443 1195 475 1257 ἐκ
502 1206 561 1258 τῶν
589 1194 722 1278 ἀρρένων
748 1194 781 1257 τὸ
809 1195 1012 1279 σπερμογόνον
1043 1194 1149 1271 ἀνθος.

132 1305 213 1355 πάσα
235 1295 338 1356 τοίνυν
361 1294 470 1356 εὐωδία
497 1292 547 1355 καλ
575 1295 698 1374 μάλιστα
721 1291 740 1374 ἡ
764 1293 814 1355 διά
836 1304 895 1356 τῶν
915 1289 1049 1355 Ἰνδικῶν
1072 1292 1147 1375 ἀρω-
1163 1317 1189 1356 ιο

133 1393 233 1472 μάτων
255 1393 343 1475 χωρίς
364 1415 445 1464 τινος
471 1391 564 1475 ὐγράς
591 1392 691 1453 ε’λαίου
713 1389 734 1472 ἢ
757 1390 853 1454 ἀλλων
878 1392 1020 1454 τοιούτων
1043 1410 1148 1453 σκευα-

133 1489 240 1571 ζομένη
263 1487 417 1572 ὐγιοποιδς
444 1489 494 1551 καὶ
522 1489 701 1572 συγκρατικη
724 1499 777 1551 τοῦ
800 1488 992 1573 ἀνθρωπείου
1015 1490 1149 1570 σώματός

132 1589 226 1670 ε’στιν,
255 1587 351 1670 δόσπερ
378 1587 441 1649 καί,
455 1587 489 1649 τὸ
511 1585 636 1668 ἔμπαλιν
664 1587 852 1669 φθοροποιδς
879 1585 929 1649 κοιλ
957 1587 1105 1669 λοιμώδης
1128 1585 1147 1666 ἡ

133 1687 272 1747 δυσωδία.
320 1685 394 1748 ὅθεν
426 1684 464 1764 δὴ
496 1686 549 1746 καί
581 1709 626 1760 τις
662 1695 721 1747 τῶν
758 1687 991 1769 ίατροσοφιστιῦν
1023 1684 1148 1767 ἀκριβὴς

132 1781 209 1866 άγαν
236 1783 379 1865 ἔφασκεν,
407 1783 465 1864 ὅτι,
493 1783 520 1844 εἰ
546 1785 706 1863 καταλάβοι
733 1783 785 1846 τὸν
811 1790 988 1846 τελευτῶντα
1015 1784 1073 1867 πρὸ
1095 1794 1147 1845 τοῦ
1163 1807 1188 1847 ιε

132 1891 361 1963 παρατραπῆναι
392 1881 444 1944 τὸν
475 1891 550 1943 νοῦν
579 1882 731 1944 δύνασθαι
757 1883 808 1942 διά
834 1905 914 1955 τινος
942 1880 1033 1943 αὐτὸν
1060 1905 1148 1943 κατα-

132 1989 241 2059 σκευης
264 1977 427 2059 ἀρωμάτων
449 1977 498 2041 ἐπὶ
521 1977 602 2059 ίόροιν
622 1990 745 2059 ποιησαι
762 1980 913 2058 νηφάλιον
934 1978 986 2040 τὸν
1008 1979 1148 2060 λογισμὸν

132 2077 225 2139 αὐτοῦ
252 2077 327 2158 ἔχειν
353 2076 403 2138 καί
430 2077 465 2138 τά
487 2074 561 2138 καθ’
588 2075 694 2139 ἑαυτὸν
720 2075 876 2156 ἐκλαλῆσαι
905 2075 955 2137 καλ
978 2074 1148 2136 διαθέσθαι.

134 2175 205 2258 ὅπερ
229 2168 285 2237 οὐν
307 2174 359 2236 καλ
380 2171 464 2255 ἡμεῖς
487 2176 573 2259 πείρᾳ
591 2185 677 2236 τοῦτο
696 2174 919 2254 παρειλήφαμεν
938 2172 986 2234 καλ
1006 2172 1148 2234 αὐτόπται

132 2272 304 2355 γεγόναμεν,
324 2282 505 2356 μαρτυροῦσι
523 2269 623 2334 δὲκαὶ
642 2269 725 2333 ἀλλοι
742 2276 871 2333 πλεῖστοι
890 2269 971 2353 μέχρι
989 2280 1041 2351 τῆς
1060 2271 1147 2353 δεῦρο
1162 2296 1188 2334 ω

133 2379 219 2431 τοῦτο
243 2369 401 2452 γινόμενον
424 2369 580 2452 βλέποντες
601 2369 662 2431 ὐπὸ
683 2379 742 2431 τῶν
760 2367 890 2451 ἀκριβῶς
912 2365 963 2429 καὶ
980 2386 1148 2449 περιεσκεμ-

136 2467 231 2549 ωμὲνς
254 2469 310 2550 τὴν
333 2469 496 2550 ἐπιστήμην
519 2468 735 2549 ἐξησκημένων.
830 2535 833 2538 ,

206 2611 220 2659 1
241 2606 312 2675 φασλ
329 2606 378 2659 καλ
397 2603 424 2660 ολ
436 2604 462 2657 R
481 2606 566 2675 φησὶν
588 2603 616 2658 ολ
635 2603 655 2658 Ο
684 2604 773 2673 φασὶν
789 2604 835 2658 hie
851 2619 901 2658 om.
921 2607 947 2657 et
964 2598 1052 2672 φησίν
1070 2603 1114 2672 (m.
1131 2609 1146 2655 1

132 2694 167 2732 ex
180 2693 251 2744 φασι
271 2677 321 2732 titt.
336 2678 415 2746 τοτε.)
430 2683 494 2746 post
511 2675 706 2748 κοσμογράφοι
724 2676 776 2730 im.
790 2675 823 2728 A.
844 2706 878 2716 -
898 2680 913 2728 6
933 2674 1021 2742 αὐτῆς
1038 2673 1098 2728 ΟΒ.
1113 2705 1147 2714 -

133 2753 149 2802 9
169 2745 361 2820 σπερμόγονον
379 2747 453 2802 APV
475 2755 500 2802 et
522 2765 592 2802 rece.
617 2746 752 2816 plerique.
767 2777 811 2788 --
836 2752 868 2799 11
888 2743 1147 2814 κατασκευαζομένη

132 2818 227 2874 HMV.
248 2850 281 2860 -
307 2824 340 2874 12
362 2819 508 2890 ὐγιοποιὸς
525 2819 596 2872 FPR
604 2819 702 2872 Amet.
729 2818 878 2888 ῦγιοποιης
899 2816 960 2871 rell.
979 2849 1013 2858 —
1034 2817 1148 2884 ἀνθρω-

132 2889 200 2946 πίου
219 2889 317 2945 GFLN
339 2891 372 2944 ι’νι
393 2889 446 2944 DL
469 2907 538 2946 οουτ.
561 2886 747 2957 ἀνθρωπίνου
765 2889 823 2942 AR.
848 2921 881 2929 -
907 2894 993 2943 13.14
1016 2886 1034 2956 ἡ
1058 2891 1147 2944 δυσω-

132 2959 182 3018 δία
201 2961 380 3030 φθοροποιὸς
398 2961 523 3032 (πάντων
542 2962 605 3016 οὐδ.
629 2961 663 3031 P)
685 2961 735 3015 καὶ
756 2961 894 3029 λοιμώδης
911 2959 956 3012 FP
966 2959 1093 3028 (Amet).
1113 2989 1147 2998 —

133 3039 167 3087 16
187 3033 280 3088 αὐτῶν
299 3033 380 3087 ALR.
399 3065 434 3074 -
454 3039 487 3086 17
506 3032 668 3103 νηφάλαιον
687 3035 756 3101 (νιφ,
769 3031 805 3099 A)
819 3031 899 3084 APR.

206 3156 219 3201 1
238 3147 308 3204 ὅθεν
322 3150 412 3217 φασίν
426 3147 454 3202 οἱ
467 3150 489 3202 Ρ
503 3149 674 3238 (Anast.).-
687 3153 704 3201 2
719 3147 768 3201 καλ
781 3163 831 3202 ουτ.
841 3147 864 3199 Ρ
873 3146 971 3234 Αοαεδ.
983 3176 1016 3184 -
1032 3149 1047 3196 3
1063 3141 1078 3198 δ
1092 3162 1147 3197 πα-

133 3219 264 3289 ράδεισος
277 3219 403 3291 ὑπάρχει.
433 3219 566 3288 ἐφύτευσε
581 3240 633 3291 γαρ
649 3237 736 3288 φησιν
751 3217 765 3272 δ
780 3216 850 3280 θεὸς
862 3218 1036 3284 παράδεισον
1050 3215 1148 3283 ἑνεδὲμ

19 3291 22 3298 '
132 3291 205 3346 κατά
220 3291 359 3354 ἀνατολάς
373 3290 450 3346 δότινι
466 3292 567 3362 ἐγώραι
579 3300 636 3346 τῶν
650 3292 726 3346 ἐσωτ.
740 3289 898 3358 P(Anast.).
914 3319 948 3327 -
967 3292 984 3340 4
1001 3285 1028 3341 ολ
1042 3287 1147 3354 καρποί

133 3362 234 3435 σχεδὸν
252 3362 282 3416 P.
306 3394 341 3404 -
365 3368 381 3415 6
401 3362 431 3418 ἐκ
453 3371 502 3432 τῆς
524 3371 580 3417 τῶν
598 3361 628 3415 P.
653 3394 687 3401 —
716 3362 855 3428 ἵπαραδ.
874 3357 1069 3414 εὐωδεστάτων
1093 3377 1146 3425 φυ-

132 3443 188 3488 τῶν
202 3433 331 3488 ΡΑοοελ.
347 3465 379 3474 -
398 3440 414 3488 8
429 3433 478 3488 διδι
492 3433 560 3504 μετὰ
574 3431 712 3488 διδόντων
726 3434 755 3486 Ρ.
771 3463 804 3472 -·
822 3435 846 3484 8.
858 3437 874 3484 9
889 3429 1015 3496 ἀλλήλοις
1029 3428 1077 3483 διά
1091 3438 1147 3483 τῶν

132 3503 244 3573 ἀνέμων
268 3505 397 3560 PAnast.
422 3537 455 3546 -
479 3511 512 3559 15
537 3503 579 3559 ότι
602 3521 651 3559 om.
674 3504 803 3558 PAnast.
828 3533 862 3542 —-
886 3499 1146 3568 άποθνήσκονταΡ

132 3577 231 3630 Αυοελι.
254 3607 290 3618 -·
314 3582 347 3630 18
368 3577 440 3648 ἔχειν
458 3593 508 3631 om.
528 3576 557 3630 P.
577 3607 613 3616 -
637 3580 671 3629 20
689 3575 856 3646 γεγόναμεν,
880 3574 917 3636 ὡς
939 3573 988 3642 καλ
1006 3572 1085 3626 ἀλλοι
1101 3575 1145 3625 πλ.

133 3646 268 3717 θεόμενοι
287 3655 456 3718 μαρτυροῦσι
474 3647 554 3719 μέχρι
573 3650 657 3715 δεῦρο
675 3655 758 3702 τοῦτο
775 3644 925 3717 γινόμενον
943 3644 999 3698 ὐπὸ
1017 3644 1048 3698 P.

936 3733 987 3787 17*
