2617 3909
166 212 256 262 LVIII
571 210 772 261 PRAEFATIO

1298 119 1300 204 l

1298 281 1300 344 l

166 362 240 419 tum.
277 359 310 417 P.
327 360 401 433 294,
421 360 440 417 8
459 360 492 417 in
511 360 640 437 genuino
660 358 798 417 chronico
817 358 941 436 legitur:
964 356 1063 429 κτίσας
1082 353 1115 417 δὲ
1133 355 1186 417 καὶ
1298 375 1299 440 j

164 447 264 520 πόλεις
292 447 357 526 δύο,
386 447 457 525 μίαν
480 444 512 506 ἐν
539 452 579 529 τῷ
603 444 711 529 Πόντῳ
738 444 788 506 καὶ
817 442 910 524 ἄλλην
938 444 970 506 ἐν
992 454 1029 529 τῇ
1049 441 1185 530 Ἀραβίῳ,
1298 469 1299 520 ρ

166 535 216 597 καὶ
239 534 340 617 ἑτέραν
363 534 395 597 ἕν
418 536 517 619 Συρίῳ
541 544 766 596 καταπεσοῦσαν
788 533 848 597 ὑπὸ
871 535 1038 613 &soporetur
1060 532 1186 613 ὀνόματι

164 626 343 703 Σαλαμίνην
366 623 526 706 ἀνεγείρας.
571 625 629 684 Pro
658 622 690 684 ἐν
713 623 812 707 Συρίῳ
834 628 867 683 in
889 625 920 683 R
942 622 975 684 ἐν
997 625 1036 707 τῷ
1056 624 1183 708 Κύπρῳ,

164 718 197 775 in
223 716 395 791 Mosquensi
422 712 454 774 ἐν
481 713 596 799 Κύπρῳ
623 713 740 793 Συρίας
770 715 889 792 legitur.
939 714 1041 773 Lectio
1072 714 1184 774 codicis
1298 707 1299 780 ἶ

163 804 350 879 Mosquensis
378 823 473 879 neque
497 822 533 862 ex
555 804 584 861 R
606 804 803 879 transscripta
831 822 892 863 esse
920 822 1016 878 neque
1039 823 1075 862 ex
1097 803 1182 862 fonte
1298 849 1299 868 1

163 894 253 969 plene
276 893 394 951 diverso
421 892 539 952 fluxisse
562 896 670 968 potest.
716 892 880 969 Archetypi
907 893 1049 950 nimirum
1072 892 1184 952 codicis
1298 907 1299 958 1

163 982 305 1042 librarius
337 1000 404 1041 cum
437 980 621 1040 Salaminam
651 982 735 1053 illam
768 982 991 1041 celeberrimam
1020 984 1053 1039 in
1083 980 1182 1057 Cypro
1298 977 1299 1006 ³

164 1073 254 1131 sitam
286 1071 482 1146 meminisset,
514 1072 593 1131 inter
621 1089 724 1130 versus
756 1090 846 1146 supra
877 1070 1056 1129 vocabulum
1083 1070 1184 1153 Συρίῳ
1298 1079 1299 1100 ³

164 1162 284 1237 scripsit
307 1180 322 1219 e
346 1163 515 1220 coniectura
538 1158 662 1244 Κύπρῳ,
685 1160 717 1219 id
740 1160 820 1236 quod
843 1159 961 1219 librarii
982 1162 1183 1219 recentiorum
1298 1231 1299 1244 ρ

124 1302 126 1307 2
163 1250 297 1309 codicum
321 1268 373 1309 suo
397 1250 521 1325 quisque
545 1250 670 1308 arbitrio
689 1250 880 1325 interpretati
902 1251 979 1308 sunt.

229 1340 335 1399 Fusius
372 1339 579 1414 Mosquensem
621 1338 778 1415 descripsit
814 1338 974 1396 Muraltius
1012 1340 1046 1397 in
1085 1338 1182 1414 praef.
1298 1343 1299 1350 ’

162 1450 191 1504 p.
201 1428 337 1503 Xquq.,
346 1429 411 1502 ipse
420 1430 450 1485 in
463 1428 670 1487 dissertatione
680 1428 716 1486 de
725 1426 911 1505 Logothetae
920 1428 1058 1486 chronico
1068 1430 1183 1504 scripta
1298 1429 1299 1502 J

163 1534 239 1592 quae
262 1518 341 1575 inter
363 1516 454 1575 libros
473 1516 680 1592 Mosquensem
704 1518 734 1575 ot
756 1517 787 1575 R
804 1515 990 1575 necessitudo
1013 1518 1183 1577 intercedat

162 1606 292 1681 exposui.
327 1606 454 1664 Textum
471 1606 650 1664 recensionis
665 1605 695 1663 R
708 1605 925 1681 amplificatum
939 1605 1035 1665 denuo
1050 1607 1182 1665 multum

162 1690 247 1753 auxit
275 1694 384 1753 codicis
407 1693 592 1768 Mosquensis
619 1694 760 1755 librarius
788 1712 856 1753 curn
879 1714 915 1753 ex
942 1694 1010 1754 aliis
1033 1696 1182 1756 chronicis

161 1786 227 1843 turn
250 1802 284 1841 ex
308 1783 411 1842 eodem
434 1782 600 1842 Theodosio
623 1784 677 1857 ite,
701 1785 736 1841 ut
757 1784 846 1843 huius
868 1784 1027 1843 chronicon
1049 1784 1112 1843 fere
1135 1787 1181 1843 in-

160 1876 279 1951 tegrum
302 1872 334 1930 in
357 1870 519 1950 Georgium
545 1873 699 1931 intexeret.
746 1871 812 1941 Quo
839 1873 953 1933 fectum
980 1876 1026 1933 est
1052 1876 1088 1932 ut
1110 1874 1182 1933 libri

161 1962 347 2037 Mosquensis
374 1963 473 2021 textus
497 1980 515 2019 a
539 1962 668 2039 genuino
697 1962 840 2030 chronico,
862 1981 921 2021 non
949 1965 1072 2038 propius
1101 1964 1182 2024 absit

162 2071 253 2127 quarn
272 2049 398 2111 Gedreni
417 2053 447 2109 et
466 2050 592 2109 aliorum
611 2050 749 2110 chronica
768 2070 900 2110 seorsum
918 2054 1071 2127 impressa,
1100 2053 1181 2112 Mos·

164 2158 305 2217 quensem
327 2141 422 2218 igitur
444 2160 546 2215 neque
562 2142 673 2199 iterum
696 2141 809 2198 contuli
831 2160 928 2215 neque
950 2141 1093 2200 lectiones
1115 2144 1181 2202 eius

161 2231 193 2287 in
216 2232 396 2306 apparatum
419 2230 555 2288 criticum
576 2230 698 2289 inserui.

228 2318 341 2377 Eadem
365 2318 400 2377 de
429 2338 519 2377 causa
541 2338 602 2377 non
629 2318 726 2394 magis
748 2320 781 2376 in
808 2337 896 2378 usum
922 2338 1022 2377 meum
1045 2321 1180 2378 converti

161 2408 253 2467 libros
272 2401 440 2468 Parisinus
461 2401 600 2467 Graecos
620 2398 694 2467 1707
709 2401 742 2467 et
756 2397 842 2484 1708,
866 2408 902 2466 de
921 2408 1031 2483 quibus
1049 2408 1182 2467 breviter

161 2498 282 2555 tantum
296 2516 450 2572 exponam.
484 2496 560 2555 Sunt
573 2497 620 2554 illi
635 2496 772 2571 quemvis
787 2497 911 2555 diversis
920 2497 1058 2556 manibus
1073 2500 1181 2574 scripti

161 2589 316 2660 tamquam
338 2605 432 2643 unum
455 2585 586 2644 chronici
609 2585 777 2661 exemplum
794 2588 827 2644 in
850 2585 908 2643 duo
930 2586 1084 2645 volumina
1102 2587 1179 2645 divi-

163 2694 237 2734 sum.
276 2672 392 2733 Codicis
409 2676 492 2734 1707
513 2674 594 2732 foliis
611 2678 627 2733 1
648 2674 795 2750 usquead
811 2676 866 2732 94¹
884 2674 1042 2734 chronicon
1058 2673 1181 2753 Georgii
1298 2722 1300 2739 .

161 2764 331 2822 continetur
362 2782 456 2839 usque
489 2762 526 2821 sd
553 2782 581 2838 p.
603 2765 676 2838 293,
696 2764 725 2836 6,
756 2766 827 2839 post
857 2764 981 2823 Nicetee
1014 2762 1180 2823 (lhonistae

162 2852 320 2912 chronicon
338 2852 415 2911 falso
435 2852 656 2929 agglutinatum
674 2855 727 2911 est.
765 2852 855 2911 Liber
871 2854 955 2912 1708
975 2854 1090 2911 textum
1107 2853 1178 2912 inde

161 2962 179 3001 e
208 2940 333 3001 (laesere
362 2942 503 3001 eontinet.
549 2940 613 3000 Hoc
644 2961 762 3018 quoque
795 2942 947 3017 exemplar
976 2942 1126 3001 codicibus
1149 2944 1181 3001 R

162 3032 283 3091 affinem
302 3050 365 3091 esse
389 3031 492 3091 eadem
514 3031 613 3091 textus
636 3050 665 3105 p.
687 3031 1180 3107 796,18—803,24perturba·

160 3123 255 3195 tione,
288 3140 363 3197 quse
391 3120 422 3179 in
450 3117 598 3179 MoosAr
625 3123 731 3193 exstat,
764 3120 992 3179 demonstratur.
1040 3119 1099 3179 Sed
1128 3120 1178 3180 de·

161 3211 306 3286 scriptum
329 3212 375 3269 est
398 3212 559 3285 antequam
583 3211 761 3285 archetypus
784 3210 907 3269 lacunas
930 3211 1088 3283 contraxit,
1111 3228 1180 3269 cum

160 3300 248 3358 initio
276 3298 408 3358 chronici
434 3317 494 3357 non
522 3299 643 3375 lacuna,
671 3299 722 3358 sed
749 3300 863 3373 pariter
890 3301 981 3374 etque
1007 3302 1040 3357 in
1062 3299 1179 3359 Vindo-

159 3388 283 3447 bonensi
308 3391 350 3447 40
373 3390 471 3448 textus
488 3389 689 3464 interpolatus
711 3390 828 3465 integer
846 3392 949 3449 exstet.
988 3389 1178 3448 Prooemium

160 3476 251 3551 deest,
275 3476 310 3535 de
329 3477 437 3537 lacuna
455 3478 536 3537 illius
554 3478 649 3554 igitur
667 3476 744 3534 nihil
762 3479 878 3537 scimus.
917 3477 993 3537 Sunt
1011 3478 1043 3535 hi
1062 3478 1178 3539 codices

161 3585 195 3625 ex
223 3566 347 3627 diversis
377 3568 524 3641 fontibus,
551 3567 680 3625 maxime
707 3566 776 3625 inde
804 3565 1043 3626 nOonstantino
1066 3567 1177 3645 Magno
