2617 3909
558 237 747 289 Χροωωεοω
1112 235 1155 300 97

138 374 330 467 τ’μευδολόγον
352 394 406 446 τοῦ
429 386 484 464 ζῆν
505 383 693 466 προεκκόψω,
718 384 767 445 ἴνα
789 381 894 447 λοιπόν
912 383 929 446 δ
949 384 1081 458 θάνατός
1100 402 1155 447 σου

138 485 231 568 πείση
257 483 371 556 πάντας
398 481 504 544 αὐτίκα
531 482 678 562 μηδεμίαν
705 479 849 560 ἀληθείας
874 482 1003 562 ἔμφασιν
1025 482 1101 562 ἔχειν
1123 479 1156 545 τδ

138 580 210 662 περλ
240 590 293 660 τῆς
325 579 516 661 ἀστρολογίας
545 577 597 640 καλ
628 567 835 660 ματαιολογίας
866 597 921 641 σου
949 581 1154 663 μυθολόγημα.

138 688 235 740 ταῦτα
267 676 299 740 δὲ
330 687 384 740 τοῦ
415 676 557 759 βασιλέως
591 675 741 758 είπόντος,
774 675 790 739 δ
822 678 986 760 Αἰγύπτιος
1017 678 1157 760 ἔντρομος

137 777 300 859 γενόμενος
332 776 414 838 ἔπεσε
446 774 564 858 πρηνὴς
591 774 729 854 δεόμενος
756 774 855 849 ἐλέους
881 781 979 857 τυχεῖν
1010 776 1100 849 αὐτός
1126 799 1156 838 τε
1183 796 1195 838 ι

139 873 193 936 καί
216 876 248 936 οἱ
263 874 430 957 ὁμόφρονες
448 874 550 936 αότοῦ.
584 872 635 934 καί
652 870 669 934 δ
688 872 825 953 βασιλεὺς
841 881 881 957 τῷ
892 867 1031 955 Ἀβραὰμ,
1042 875 1160 957 χαριζόω

140 995 233 1052 μενος
255 971 296 1046 ἀς
318 973 485 1058 διδασκάλῳ
507 970 559 1033 καί
580 971 637 1051 τῆν
658 971 777 1050 πλάνην
799 970 929 1053 ἐναργῶς
952 973 1157 1054 φανεράσανιι

139 1064 184 1131 δι’
206 1069 338 1144 ἐπινοίας
355 1069 405 1131 καί
422 1068 498 1152 ὑπὲρ
516 1079 576 1130 τῶν
595 1067 798 1149 ματαιολόγων
816 1069 1051 1131 συνικετεόσαντι
1070 1087 1155 1131 συνε-

138 1168 274 1250 χώρησεν
301 1169 402 1242 αὐτοῖς
428 1167 477 1228 ἐπί
503 1172 606 1229 πλεῖον
632 1166 817 1252 κωμφδῆσας
843 1166 898 1246 τῆν
926 1163 1034 1248 άλογον
1056 1167 1156 1228 αὐτῶν

139 1266 234 1338 δόξαν
261 1263 301 1338 ὡς
328 1264 488 1347 ἀνίσχυρον
514 1264 564 1326 καὶ
590 1265 767 1328 λαοπλάνον,
812 1261 863 1324 καλ
895 1263 932 1343 δη
959 1265 1097 1337 κελεύσας
1124 1263 1154 1339 ἐξ
1168 1285 1195 1327 ιο

138 1361 294 1444 ὑποβολῆς
320 1359 455 1444 Ἀβραὰμ
490 1362 624 1443 ἀχθῆναί
658 1385 724 1423 τινα
758 1360 811 1422 τδν
843 1360 1156 1442 προκαταδιιιασθέντα

138 1463 344 1544 πυρίκαυστον
370 1459 511 1542 γενέσθαι
536 1459 713 1542 προσέταξεν
740 1458 788 1520 ἐπὶ
812 1459 932 1520 πάντων
954 1458 1156 1542 ἐρευνηθῆναι

138 1559 198 1638 τὴν
224 1558 339 1640 γένεσιν
365 1558 459 1620 αὐτοῦ
488 1557 538 1619 καὶ
562 1557 614 1619 τὸν
640 1557 790 1638 θάνατον,
821 1556 870 1618 καί
898 1557 1155 1637 διασκεφαμένοος

138 1659 236 1719 εἰπεῖν
259 1658 310 1719 τὸν
327 1656 438 1740 τρόπον
460 1665 513 1717 τοῦ
531 1655 676 1717 θανάτου.
698 1676 700 1684 ’
717 1664 776 1716 τῶν
794 1653 826 1718 δέ
845 1665 993 1736 νουνεχῶς
1012 1655 1060 1718 ἐπὶ
1078 1656 1155 1718 πολὺ

140 1753 389 1835 διασκεψαμένων
410 1753 461 1815 καί
483 1753 627 1816 εἰπόντων
650 1753 707 1814 ότι·
725 1751 931 1835 πυρποληθελς
948 1752 1154 1836 ἀποθανεῖται,
1169 1774 1194 1818 ιι
1209 1776 1235 1816 ω
1248 1775 1280 1815 Μ.

139 1862 196 1933 τῆς
226 1851 365 1934 γενέσεως
396 1851 563 1933 ἐπαγοόσης
588 1850 638 1913 καί
669 1851 900 1933 διαγορευοόσης
926 1861 1012 1914 τοῦτο
1041 1862 1155 1931 σαφῶς,

140 1945 206 2012 ἀλλ’
228 1950 275 2012 οό
287 1960 356 2030 νῦν,
378 1950 420 2012 ἔτι
437 1949 493 2032 γὰρ
511 1950 637 2033 χρόνους
660 1948 716 2029 ἐχει
735 1950 825 2028 ζωῆς,
845 1947 896 2010 καί
914 1947 998 2011 οόπω
1017 1949 1155 2029 ἐληλύθει

138 2047 160 2112 δ
182 2049 288 2130 χρόνος
313 2057 367 2110 τοῦ
393 2048 530 2110 θανάτου
557 2047 665 2127 αὐτοῦ,
693 2045 787 2126 φησίν
810 2045 826 2108 δ
849 2046 997 2126 βασιλεύς·
1021 2045 1078 2128 ἐγὼ
1101 2047 1155 2126 σῆ-

139 2169 233 2228 μερον
261 2144 417 2220 ἀπαλλάξω
443 2154 549 2207 τοῦτον
578 2154 632 2207 τοῦ
660 2142 710 2207 διά
737 2143 831 2223 πυρὸς
858 2143 994 2204 θανάτου
1016 2145 1154 2217 κελεύσας

137 2245 228 2307 θδατι
249 2243 341 2305 αὐτὸν
362 2242 571 2326 ἀναιρεθῆναι,
594 2243 644 2304 ἵνα
662 2241 735 2322 δμῖν
754 2241 827 2328 ἔργω
846 2241 1023 2322 παραστήσω
1040 2242 1154 2324 προδῆ-
1167 2263 1194 2304 ιο

138 2347 198 2414 λως
229 2342 274 2404 ότι
306 2342 433 2402 δύναταί
460 2363 489 2402 τι
523 2340 604 2423 παρὰ
634 2338 749 2421 γένεσιν
783 2338 931 2422 γενέσθαι.
976 2337 1026 2400 καί
1060 2340 1154 2413 οότως

137 2436 261 2521 ἤλεγξεν
292 2438 392 2500 αὐτῶν
420 2432 454 2500 εὖ
485 2439 562 2518 μάλα
592 2437 648 2517 τὴν
680 2437 743 2519 περὶ
772 2447 831 2500 τῶν
858 2437 972 2518 χρόνων
988 2446 1051 2518 Ιτῆς
1075 2439 1154 2517 ζωῆς

136 2538 304 2620 πρόρρησιν
331 2535 381 2597 καί
407 2546 461 2616 τῆς
486 2541 621 2615 τελευτῆς
651 2533 813 2614 ἀπόφασιν.
858 2532 1071 2615 ῆσυχασάντων
1098 2527 1154 2598 οόν

137 2635 262 2695 πάντων
284 2629 453 2716 όἎβραδιμ
475 2643 528 2695 τοῦ
555 2631 649 2716 λέγειν
675 2631 796 2714 ἤρξατο·
821 2631 932 2715 μέγιστε
955 2632 1006 2694 καὶ
1029 2638 1154 2714 φιλαλη-

140 2730 263 2793 θέστατε
293 2734 428 2812 βασιλεῦ,
455 2731 556 2811 ἐπειδη
589 2729 649 2814 δρῶ
677 2748 708 2792 σε
736 2731 929 2812 φροντίζοντα
956 2730 1074 2814 σφόδρα
1100 2742 1153 2812 τῆς
1166 2752 1193 2794 τε

214 2945 246 2993 11
262 2947 317 2994 τῶν
335 2936 658 3008 προκαταδικασθέντων
671 2936 721 2992 AG
727 2935 777 2991 LN
794 2938 845 2994 τὸν
862 2936 1107 2994 καταδικασθέντα
1121 2937 1151 2992 Β.

138 3043 176 3052 -
196 3016 228 3065 12
243 3011 398 3079 εὑρεθῆναι
412 3008 491 3064 GRV
505 3010 602 3079 (ι’ποίλο
615 3009 654 3062 W
673 3009 873 3078 (ἀναιρεθῆναι
887 3008 917 3064 Β.
935 3039 969 3048 -
989 3014 1022 3062 13
1042 3010 1153 3063 διασκε-

165 3081 268 3152 άμενος
281 3081 308 3134 N
326 3081 549 3151 διασκεψάμενοι
562 3079 594 3134 R.
610 3113 644 3120 -
667 3085 697 3134 17
717 3077 777 3134 ἀλλ’
794 3081 828 3135 οό
847 3089 898 3136 νῦν
917 3077 957 3134 ἔτι
974 3077 1093 3150 χρόνους
1107 3078 1153 3134 GV

137 3094 211 3208 ἀλλὰ
227 3161 282 3210 νῦν
300 3152 340 3208 ἔτι
357 3151 476 3225 χρόνους
493 3150 549 3207 ΡΒ.
566 3184 600 3192 -
625 3157 658 3205 18
678 3150 798 3221 σήμερον
817 3149 965 3215 ἀπαλλάξω
982 3157 1082 3205 τοῦτον
1100 3149 1153 3202 ΜΡ

136 3233 240 3280 τοῦτον
259 3223 378 3293 σήμερον
396 3222 545 3288 ἀπαλλάξω
563 3222 591 3276 Η
613 3231 712 3278 τοῦτον
731 3221 878 3287 ἀπαλλάξω
899 3225 960 3292 (om.
980 3220 1109 3290 σήμερον)
1127 3219 1154 3276 V

138 3294 202 3365 σήμ.
217 3303 318 3350 τοῦτον
331 3294 482 3360 ἀπαλλάξω
495 3293 556 3350 rell.
570 3326 605 3334 -
619 3300 653 3348 22
669 3294 755 3350 αὐτὸν
768 3291 907 3349 OGHLM
920 3308 988 3349 corr.
1002 3291 1065 3346 ίιιΙι
1079 3309 1113 3346 ιιι.
1124 3296 1151 3348 2.

139 3398 175 3408 —
193 3368 259 3435 περὶ
276 3368 326 3422 τὸν
343 3363 447 3436 χρόνον
465 3365 550 3420 CNV.
916 3371 918 3374 ’

154 3511 158 3565 ἶ
212 3549 229 3597 3
252 3541 445 3616 ἂντρρλριίρε]
467 3541 645 3612 προρρήσεσι
668 3542 698 3597 P·
724 3511 797 3597 ἐν
822 3541 924 3604 αὐτοὺς
945 3541 975 3597 P.
999 3571 1041 3614 -·
1062 3531 1095 3595 τι
1115 3535 1153 3596 -εσ

137 3613 227 3689 μάλα]
246 3616 317 3686 ἔργω
335 3615 384 3670 καλ
402 3613 473 3686 λόγω
492 3615 522 3669 P.
542 3646 575 3656 —
595 3619 629 3668 23
647 3615 697 3670 καλ
714 3613 766 3685 τὴν
784 3621 833 3683 τῆς
850 3613 880 3668 P.
972 3632 975 3636 ·

195 3714 339 3767 Georgius
352 3715 511 3758 Monachun
525 3713 561 3756 od„
576 3713 605 3756 de
618 3713 687 3756 Boot.
707 3713 727 3756 L
977 3707 992 3757 ‘l
