2617 3909
178 253 200 315 4
493 251 679 303 ΓΕΩΡΓΙΟΤ
697 250 879 302 ΜΟΝΑΧΟΤ

178 399 228 463 καὶ
250 409 341 462 ταῦτα
365 397 419 479 μὲν
441 399 513 471 άλις.
550 407 602 478 τῆς
621 395 652 458 δὲ
671 408 809 479 χρονικῆς
827 399 1024 479 πραγματείας
1042 399 1097 477 τήν
1114 396 1192 458 όπό-

178 506 266 561 θεσιν
289 496 328 571 ώς
351 497 383 560 ἐν
406 497 483 569 τάξει
506 496 664 575 τμημάτων
687 495 736 557 διὰ
759 496 791 558 τὸ
812 495 996 559 εὐσύνοπτον
1014 495 1064 557 καλ
1082 496 1193 576 εὐμνη-

179 597 324 677 μόνευτον
353 594 563 673 πεποιήκαμεν.
609 592 671 654 άπὸ
691 591 745 672 μὲν
767 593 823 675 γὰρ
846 605 899 657 τοῦ
918 589 1012 674 Ἀδάμ
1033 593 1194 676 ἀρξάμενοι

178 694 229 755 καλ
256 692 338 775 με’χρι
365 700 417 772 τῆς
442 685 635 771 Ἀλεξάνδρου
663 696 796 771 τελευτῆς
826 692 964 766 ἐλθόντες
995 692 1027 755 ἐν
1055 693 1193 776 συντόμῳ

153 792 267 853 σπάλιν
290 790 437 851 άνάπαλιν
461 789 519 851 άπδ
540 798 592 850 τοῦ
608 784 702 868 ’Λδάμ
723 789 797 850 κατὰ
819 791 874 870 τήν
896 790 993 871 αὐτήν
1013 790 1193 871 ἐπιχείρησιν

179 888 229 951 καλ
255 889 374 951 ἔννοιαν
402 882 443 949 δι’
464 886 677 965 ἐπαναλήψεως
704 886 774 960 τοὺς
801 889 926 969 χρόνους
953 898 1005 969 τῆς
1030 892 1107 968 ζωῆς
1133 899 1194 950 τῶν

179 986 286 1067 ἐφεξῆς
313 984 362 1047 καὶ
390 985 441 1058 τὰς
468 985 586 1065 πράξεις
614 981 653 1056 ὡς
680 978 746 1046 οίόν
772 1007 802 1045 τε
829 984 879 1047 διὰ
901 985 1033 1067 βραχίων
1060 985 1194 1065 ἀπεμνή-

180 1084 364 1164 μονεύσαμεν
391 1082 446 1156 ἕως
474 1077 572 1162 Ἰησοῦ
604 1090 657 1143 τοῦ
689 1082 796 1162 Ναυή,
827 1077 890 1145 είτα
917 1084 1007 1145 πάλιν
1039 1084 1089 1145 διὰ
1120 1101 1194 1145 σνν-

179 1184 282 1262 τομίας
304 1181 374 1255 τοὺς
395 1180 495 1262 κριτάς
518 1179 599 1261 μέχρι
621 1188 674 1241 τοῦ
697 1179 854 1261 προφήτου
877 1181 1032 1260 Σαμουήλ,
1056 1179 1106 1241 καί
1128 1174 1191 1241 εἷθ’

141 1302 167 1343 ιο
181 1281 275 1353 οὕτως
302 1278 407 1341 αὐτίκα
429 1279 499 1351 τοὺς
521 1280 648 1359 βασιλεῖς
671 1287 730 1339 τῶν
750 1273 902 1338 Ἰουδαίων
929 1276 988 1339 άπὸ
1011 1278 1113 1339 Σαοὺλ
1137 1277 1194 1351 ἕως

181 1377 324 1438 Σεδεκίου
351 1374 401 1436 καί
428 1384 480 1455 τῆς
507 1373 641 1447 ἁλώσεως
663 1370 868 1455 Ἰερουσαλήμ,
899 1374 932 1437 ἐν
964 1369 1009 1449 οίς
1039 1374 1090 1436 καί
1118 1376 1194 1437 κατὰ

178 1469 332 1535 Ἰουδαίων
355 1472 388 1535 ἐκ
409 1472 543 1552 παρόδου
567 1471 616 1534 διδι
639 1473 843 1553 βραχυλογίας,
866 1472 964 1534 ἔπειτα
986 1471 1020 1534 δὲ
1041 1472 1111 1546 τοὺς
1123 1468 1194 1535 Ῥω-

182 1572 278 1651 μαίων
309 1567 470 1650 ήγεμόνας,
503 1569 599 1648 ὥσπερ
632 1570 670 1648 δή
700 1569 751 1631 καλ
777 1570 847 1643 τοὺς
878 1572 968 1632 πάλαι
991 1575 1117 1652 Περσῶν
1144 1571 1195 1633 καὶ

182 1667 371 1730 Μακεδόνων
394 1668 549 1729 Σελεύκων
571 1690 600 1728 τε
623 1666 673 1728 καὶ
692 1661 849 1747 Ἀντιόχων
874 1666 924 1729 καλ
947 1670 1139 1748 Πτολεμαίων
1161 1668 1194 1730 ἐν

142 1788 167 1830 15
182 1766 358 1847 παρεκβάσει
392 1764 590 1839 διεξελθόντες
621 1763 712 1845 άρχάς
749 1764 799 1825 καί
831 1766 1003 1839 δυναστείας
1035 1767 1112 1828 οὕτω
1144 1766 1195 1828 καλ

182 1863 252 1937 τοὺς
271 1856 421 1942 Ῥωμαίων
443 1862 473 1937 ἐξ
493 1857 645 1941 Ἑλλήνων
667 1862 885 1943 καταγομένους
908 1864 1088 1937 καθολικοδς
1110 1866 1195 1944 βασι-

182 1960 250 2035 λέας
271 1962 333 2041 άμα
355 1960 404 2022 καλ
427 1960 479 2034 τὰς
501 1960 636 2043 ἐργασίας
659 1960 708 2021 καλ
730 1960 800 2034 τοὺς
822 1961 975 2035 θανάτους
992 1960 1051 2025 άπδ
1067 1956 1194 2023 Ἰουλίου

183 2061 334 2141 Καίσαρος
357 2057 438 2140 μέχρι
457 2064 673 2138 Διοκλῆτιανοῦ
696 2058 746 2119 καλ
764 2060 961 2137 Μαξιμιανοῦ
983 2069 1042 2120 τῶν
1065 2058 1195 2120 άνοσίων

183 2156 232 2218 καὶ
255 2157 468 2239 χριστομάχων,
494 2156 588 2231 εόθός
612 2180 641 2218 τε
664 2161 892 2219 Κωνσταντῖνον
914 2157 967 2219 τὸν
988 2156 1195 2237 εὐσεβέστατον

145 2278 171 2318 ιο
184 2254 234 2317 καλ
261 2264 379 2335 πρῶτον
406 2253 526 2334 βασιλέα
548 2263 607 2315 τῶν
628 2264 803 2337 χριστιανῶν
824 2253 875 2315 καλ
897 2255 966 2329 τοὺς
988 2256 1119 2335 καθεξῆς
1141 2253 1196 2328 ἕως
1284 2296 1289 2305 -

184 2362 237 2414 τοῦ
260 2352 425 2414 τελευταίου
444 2351 569 2432 Μιχαὴλ
590 2353 661 2413 υἱοῦ
684 2353 843 2431 Θεοφίλου,
866 2352 945 2425 ὅστις
968 2353 1119 2434 μειράκιον
1141 2354 1197 2432 βα-

185 2449 321 2522 σιλεύσας
347 2449 403 2529 τήν
430 2446 595 2530 όρθόδοξον
620 2442 660 2511 αὖ
683 2450 772 2511 πάλιν
795 2447 845 2509 διά
868 2449 998 2511 συνόδου
1021 2451 1106 2523 θείας
1128 2448 1196 2511 άνε-

185 2547 293 2628 κήρυξι
306 2546 355 2608 καλ
369 2547 546 2628 κατώρθωσε
559 2548 667 2608 πίστιν.
699 2546 779 2619 τέλος
797 2544 829 2607 δὲ
846 2545 936 2628 λόγον
954 2548 986 2610 τὸ
1002 2558 1062 2607 πᾶν
1076 2546 1196 2608 ἀκούειν

186 2654 288 2722 σοφῶς
305 2642 379 2724 ἡμῖν
398 2642 413 2705 δ
433 2645 526 2722 σοφὸς
544 2644 721 2726 ἐγκελεάεται
738 2654 852 2724 σαφῶς,
873 2643 914 2719 ὡς
932 2646 972 2725 μή
992 2645 1107 2706 κάλλεσι
1125 2664 1196 2705 σον-

148 2764 174 2805 ει
187 2743 341 2823 ταγμάτων
360 2740 584 2824 προστετηκέναι
602 2741 654 2803 τὸν
672 2740 853 2824 ἀναγνώσεσι
871 2744 1009 2824 χαίροντα
1026 2741 1076 2803 καλ
1091 2742 1197 2823 θελγό-

142 2855 174 2895 M·
187 2863 291 2921 μενον,
319 2836 381 2902 ἀλλ’
407 2840 486 2925 αὐτῷ
509 2846 548 2925 τῷ
572 2846 672 2925 σκοπῷ
695 2839 745 2900 καλ
767 2846 807 2924 τῷ
831 2838 903 2902 τέλει
930 2849 983 2901 τοῦ
1010 2838 1099 2921 λόγου
1125 2863 1197 2921 προ-

187 2940 328 3020 ερεθίζειν
350 2938 383 3000 τό
406 2948 458 3018 τῆς
475 2940 599 3019 καρδίας
617 2936 705 3018 όμμα.
741 2935 761 3017 ή
780 2938 835 3021 γάρ
853 2948 906 3001 τοῦ
924 2938 1014 3019 λόγου
1032 2939 1197 3018 κατασκευή

187 3036 236 3097 ναὶ
263 3036 394 3097 ποικιλία
416 3040 480 3109 ταῖς
502 3035 688 3117 φιλοκρότοις
710 3034 759 3097 καί
782 3035 983 3115 φιλοκόμψοις
1005 3038 1199 3111 καλλιεπείαις

259 3206 293 3253 23
312 3199 386 3254 ΕοοΙ.
405 3198 464 3264 ΧΠ,
485 3204 525 3252 13.

260 3346 276 3395 8
295 3349 368 3411 ναυή
386 3340 439 3395 NV
462 3337 589 3404 ναυίλΡ,
610 3372 643 3381 -
669 3346 702 3394 10
721 3341 834 3466 ξαοδλή
847 3341 971 3410 σαμουήλ
989 3340 1057 3395 DL'.
1077 3370 1113 3380 -
1136 3338 1198 3411 ἕως]

189 3411 267 3483 μέχρι
284 3413 319 3466 N.
344 3445 377 3453 —
405 3418 438 3467 15
457 3411 639 3481 διεξήλθομεν
657 3442 694 3451 -
711 3414 821 3465 ουτωδ
852 3413 900 3466 καλ
918 3410 951 3465 V.
978 3442 1012 3453 ·-
1039 3416 1071 3465 19
1091 3410 1199 3483 εὐσεβί-

189 3500 290 3538 οτατον
308 3486 361 3538 ι’κο.
381 3485 438 3539 cod.
457 3482 486 3536 P.
515 3514 550 3523 —
578 3488 611 3537 23
630 3479 794 3550 κατόρθωσε
812 3482 869 3537 ΗΡ.
894 3514 930 3522 -
949 3488 983 3536 24
1002 3490 1100 3550 σαφῶς
1123 3482 1199 3553 ἐγκε-

189 3554 297 3609 λεόεται
319 3554 355 3607 L’
382 3562 479 3624 σαφῶς
501 3569 551 3608 om.
575 3553 608 3607 V.
637 3585 671 3593 —
699 3559 733 3607 26
755 3551 965 3621 προσερεθίζειν
988 3558 1030 3623 (ut
1050 3554 1200 3610 coniecerat

190 3626 271 3695 Mur.)
290 3624 324 3679 N.
344 3656 379 3666 -
398 3631 432 3680 28
450 3632 509 3688 τοῖς
527 3624 592 3678 L'P.
613 3656 646 3664 —
667 3621 839 3687 καλλιεπίαις
857 3623 928 3678 (λἸ).
