<?xml version="1.0" encoding="UTF-8"?>
<!DOCTYPE html PUBLIC "-//W3C//DTD XHTML 1.0 Transitional//EN"
    "http://www.w3.org/TR/xhtml1/DTD/xhtml1-transitional.dtd">
<html xmlns="http://www.w3.org/1999/xhtml" xml:lang="en" lang="en">
 <head>
  <title>
</title>
<meta http-equiv="Content-Type" content="text/html;charset=utf-8" />
  <meta name='ocr-system' content='tesseract 3.04.00' />
  <meta name='ocr-capabilities' content='ocr_page ocr_carea ocr_par ocr_line ocrx_word'/>
</head>
<body>
  <div class='ocr_page' id='page_1' title='image "./georgiimonachic01boorgoog_0060.png"; bbox 0 0 2617 3909; ppageno 0'>
   <div class='ocr_carea' id='block_1_1' title="bbox 156 194 760 247">
    <p class='ocr_par' dir='ltr' id='par_1_1' title="bbox 156 194 760 247">
     <span class='ocr_line' id='line_1_1' title="bbox 156 194 760 247; baseline -0.003 0"><span class='ocrx_word' id='word_1_1' title='bbox 156 198 218 247; x_wconf 90' lang='lat' dir='ltr'>LVI</span> <span class='ocrx_word' id='word_1_2' title='bbox 558 194 760 245; x_wconf 75' lang='lat' dir='ltr'><strong>PRAEFATIO</strong></span> 
     </span>
    </p>
   </div>
   <div class='ocr_carea' id='block_1_2' title="bbox 158 340 1183 600">
    <p class='ocr_par' dir='ltr' id='par_1_2' title="bbox 158 340 1183 600">
     <span class='ocr_line' id='line_1_2' title="bbox 159 340 1183 421; baseline -0.004 -18"><span class='ocrx_word' id='word_1_3' title='bbox 159 346 353 421; x_wconf 80' lang='lat' dir='ltr'>archetypum</span> <span class='ocrx_word' id='word_1_4' title='bbox 377 364 391 403; x_wconf 92' lang='lat' dir='ltr'>e</span> <span class='ocrx_word' id='word_1_5' title='bbox 411 344 509 403; x_wconf 90' lang='lat' dir='ltr'>codice</span> <span class='ocrx_word' id='word_1_6' title='bbox 528 343 606 401; x_wconf 89' lang='lat' dir='ltr'>libro</span> <span class='ocrx_word' id='word_1_7' title='bbox 625 340 673 400; x_wconf 83' lang='lat' dir='ltr'>Ar</span> <span class='ocrx_word' id='word_1_8' title='bbox 690 342 775 400; x_wconf 86' lang='lat' dir='ltr'>affini</span> <span class='ocrx_word' id='word_1_9' title='bbox 799 341 995 419; x_wconf 75' lang='lat' dir='ltr'><strong>descripserit,</strong></span> <span class='ocrx_word' id='word_1_10' title='bbox 1019 360 1085 399; x_wconf 89' lang='lat' dir='ltr'>eam</span> <span class='ocrx_word' id='word_1_11' title='bbox 1104 344 1183 400; x_wconf 90' lang='lat' dir='ltr'>omi-</span> 
     </span>
     <span class='ocr_line' id='line_1_3' title="bbox 158 431 1183 509; baseline -0.003 -17"><span class='ocrx_word' id='word_1_12' title='bbox 158 436 238 508; x_wconf 84' lang='lat' dir='ltr'>sisse,</span> <span class='ocrx_word' id='word_1_13' title='bbox 263 436 372 509; x_wconf 85' lang='lat' dir='ltr'>quippe</span> <span class='ocrx_word' id='word_1_14' title='bbox 402 433 453 507; x_wconf 90' lang='lat' dir='ltr'>qui</span> <span class='ocrx_word' id='word_1_15' title='bbox 476 452 512 491; x_wconf 82' lang='lat' dir='ltr'>er</span> <span class='ocrx_word' id='word_1_16' title='bbox 539 432 756 508; x_wconf 86' lang='lat' dir='ltr'>subscriptione</span> <span class='ocrx_word' id='word_1_17' title='bbox 783 432 872 490; x_wconf 89' lang='lat' dir='ltr'>finem</span> <span class='ocrx_word' id='word_1_18' title='bbox 899 432 1022 509; x_wconf 83' lang='lat' dir='ltr'>genuini</span> <span class='ocrx_word' id='word_1_19' title='bbox 1046 431 1183 491; x_wconf 79' lang='lat' dir='ltr'>chronici</span> 
     </span>
     <span class='ocr_line' id='line_1_4' title="bbox 159 524 339 600; baseline -0.017 -18"><span class='ocrx_word' id='word_1_20' title='bbox 159 524 339 600; x_wconf 80' lang='lat' dir='ltr'>cognoverit.</span> 
     </span>
    </p>
   </div>
   <div class='ocr_carea' id='block_1_3' title="bbox 159 610 1306 865">
    <p class='ocr_par' dir='ltr' id='par_1_3' title="bbox 159 610 1306 882">
     <span class='ocr_line' id='line_1_5' title="bbox 226 610 1305 686; baseline -0.003 -16"><span class='ocrx_word' id='word_1_21' title='bbox 226 612 262 670; x_wconf 93' lang='lat' dir='ltr'>In</span> <span class='ocrx_word' id='word_1_22' title='bbox 285 611 421 670; x_wconf 91' lang='lat' dir='ltr'>omnibus</span> <span class='ocrx_word' id='word_1_23' title='bbox 448 611 532 671; x_wconf 84' lang='lat' dir='ltr'>libris</span> <span class='ocrx_word' id='word_1_24' title='bbox 561 629 629 669; x_wconf 93' lang='lat' dir='ltr'>cum</span> <span class='ocrx_word' id='word_1_25' title='bbox 656 611 734 669; x_wconf 87' lang='lat' dir='ltr'>desit</span> <span class='ocrx_word' id='word_1_26' title='bbox 756 610 872 669; x_wconf 92' lang='lat' dir='ltr'>Phocae</span> <span class='ocrx_word' id='word_1_27' title='bbox 900 610 1021 686; x_wconf 91' lang='lat' dir='ltr'>imperii</span> <span class='ocrx_word' id='word_1_28' title='bbox 1043 610 1182 668; x_wconf 78' lang='lat' dir='ltr'>clausula</span> <span class='ocrx_word' id='word_1_29' title='bbox 1304 681 1305 684; x_wconf 7' lang='grc' dir='ltr'><strong>Ἴ</strong></span> 
     </span>
     <span class='ocr_line' id='line_1_6' title="bbox 159 698 1306 777; baseline -0.003 -17"><span class='ocrx_word' id='word_1_30' title='bbox 159 721 194 760; x_wconf 86' lang='lat' dir='ltr'>ex</span> <span class='ocrx_word' id='word_1_31' title='bbox 212 700 321 760; x_wconf 85' lang='lat' dir='ltr'>Isidori</span> <span class='ocrx_word' id='word_1_32' title='bbox 341 701 476 776; x_wconf 85' lang='lat' dir='ltr'>epistolis</span> <span class='ocrx_word' id='word_1_33' title='bbox 495 700 662 775; x_wconf 85' lang='lat' dir='ltr'>desumpta,</span> <span class='ocrx_word' id='word_1_34' title='bbox 682 719 700 759; x_wconf 89' lang='lat' dir='ltr'>a</span> <span class='ocrx_word' id='word_1_35' title='bbox 716 699 741 759; x_wconf 80' lang='lat'><em>0</em></span> <span class='ocrx_word' id='word_1_36' title='bbox 757 701 881 777; x_wconf 92' lang='lat' dir='ltr'>propius</span> <span class='ocrx_word' id='word_1_37' title='bbox 896 718 946 759; x_wconf 92' lang='lat' dir='ltr'>eos</span> <span class='ocrx_word' id='word_1_38' title='bbox 965 698 1068 758; x_wconf 90' lang='lat' dir='ltr'>abesse</span> <span class='ocrx_word' id='word_1_39' title='bbox 1086 718 1183 775; x_wconf 88' lang='lat' dir='ltr'>quam</span> <span class='ocrx_word' id='word_1_40' title='bbox 1304 699 1306 715; x_wconf 63' lang='lat'><em>¹</em></span> 
     </span>
     <span class='ocr_line' id='line_1_7' title="bbox 160 788 1306 865; baseline -0.003 -16"><span class='ocrx_word' id='word_1_41' title='bbox 160 790 197 849; x_wconf 92' lang='lat' dir='ltr'>ab</span> <span class='ocrx_word' id='word_1_42' title='bbox 220 788 250 849; x_wconf 84' lang='lat' dir='ltr'><strong><em>A</em></strong></span> <span class='ocrx_word' id='word_1_43' title='bbox 274 789 409 848; x_wconf 86' lang='lat' dir='ltr'>efficitur.</span> <span class='ocrx_word' id='word_1_44' title='bbox 450 788 555 865; x_wconf 82' lang='lat' dir='ltr'>Neque</span> <span class='ocrx_word' id='word_1_45' title='bbox 579 790 669 847; x_wconf 86' lang='lat' dir='ltr'>aliter</span> <span class='ocrx_word' id='word_1_46' title='bbox 690 807 736 847; x_wconf 93' lang='lat' dir='ltr'>res</span> <span class='ocrx_word' id='word_1_47' title='bbox 760 789 900 848; x_wconf 87' lang='lat' dir='ltr'>sehabet</span> <span class='ocrx_word' id='word_1_48' title='bbox 922 788 955 846; x_wconf 91' lang='lat' dir='ltr'>in</span> <span class='ocrx_word' id='word_1_49' title='bbox 977 788 1181 863; x_wconf 86' lang='lat' dir='ltr'>inscriptioni·</span> <span class='ocrx_word' id='word_1_50' title='bbox 1304 819 1306 842; x_wconf 70' lang='grc' dir='ltr'><strong><em>ι</em></strong></span> 
     </span>
    </p>
   </div>
   <div class='ocr_carea' id='block_1_4' title="bbox 159 877 1184 1666">
    <p class='ocr_par' dir='ltr' id='par_1_4' title="bbox 159 877 1184 1666">
     <span class='ocr_line' id='line_1_8' title="bbox 159 877 1184 955; baseline -0.003 -17"><span class='ocrx_word' id='word_1_51' title='bbox 159 880 215 938; x_wconf 91' lang='lat' dir='ltr'>bus</span> <span class='ocrx_word' id='word_1_52' title='bbox 246 880 387 954; x_wconf 88' lang='lat' dir='ltr'>capitum.</span> <span class='ocrx_word' id='word_1_53' title='bbox 433 877 515 947; x_wconf 79' lang='lat' dir='ltr'>Quae</span> <span class='ocrx_word' id='word_1_54' title='bbox 544 897 726 955; x_wconf 88' lang='lat' dir='ltr'>quamquam</span> <span class='ocrx_word' id='word_1_55' title='bbox 757 879 819 937; x_wconf 90' lang='lat' dir='ltr'>fere</span> <span class='ocrx_word' id='word_1_56' title='bbox 848 897 1012 953; x_wconf 80' lang='lat' dir='ltr'>numquam</span> <span class='ocrx_word' id='word_1_57' title='bbox 1040 877 1184 935; x_wconf 75' lang='lat' dir='ltr'>exhibent</span> 
     </span>
     <span class='ocr_line' id='line_1_9' title="bbox 159 962 1182 1047; baseline -0.002 -20"><span class='ocrx_word' id='word_1_58' title='bbox 159 966 235 1047; x_wconf 73' lang='grc' dir='ltr'><em>ἀρχὴ</em></span> <span class='ocrx_word' id='word_1_59' title='bbox 258 976 311 1045; x_wconf 81' lang='grc' dir='ltr'>τῆς</span> <span class='ocrx_word' id='word_1_60' title='bbox 333 967 482 1046; x_wconf 80' lang='grc' dir='ltr'><strong><em>βασιλείας</em></strong></span> <span class='ocrx_word' id='word_1_61' title='bbox 505 975 558 1027; x_wconf 83' lang='grc' dir='ltr'>τοῦ</span> <span class='ocrx_word' id='word_1_62' title='bbox 581 967 679 1044; x_wconf 77' lang='grc' dir='ltr'><strong><em>δεῖνα,</em></strong></span> <span class='ocrx_word' id='word_1_63' title='bbox 707 986 823 1043; x_wconf 86' lang='lat' dir='ltr'>semper</span> <span class='ocrx_word' id='word_1_64' title='bbox 845 968 907 1025; x_wconf 82' lang='lat' dir='ltr'>fere</span> <span class='ocrx_word' id='word_1_65' title='bbox 929 962 996 1045; x_wconf 79' lang='grc' dir='ltr'><strong><em>περὶ</em></strong></span> <span class='ocrx_word' id='word_1_66' title='bbox 1018 973 1071 1043; x_wconf 76' lang='grc' dir='ltr'>τῆς</span> <span class='ocrx_word' id='word_1_67' title='bbox 1093 966 1182 1044; x_wconf 88' lang='grc' dir='ltr'><strong><em>βασι-</em></strong></span> 
     </span>
     <span class='ocr_line' id='line_1_10' title="bbox 159 1049 1182 1138; baseline -0.003 -22"><span class='ocrx_word' id='word_1_68' title='bbox 159 1057 239 1129; x_wconf 82' lang='grc' dir='ltr'><strong><em>λείας</em></strong></span> <span class='ocrx_word' id='word_1_69' title='bbox 257 1064 310 1117; x_wconf 84' lang='grc' dir='ltr'>ιοῦ</span> <span class='ocrx_word' id='word_1_70' title='bbox 329 1056 412 1116; x_wconf 76' lang='grc' dir='ltr'><strong><em>δεῖνα</em></strong></span> <span class='ocrx_word' id='word_1_71' title='bbox 432 1049 505 1138; x_wconf 85' lang='lat' dir='ltr'>(non</span> <span class='ocrx_word' id='word_1_72' title='bbox 524 1057 608 1115; x_wconf 90' lang='lat' dir='ltr'>utin</span> <span class='ocrx_word' id='word_1_73' title='bbox 625 1055 692 1116; x_wconf 87' lang='grc' dir='ltr'>ΑΒ</span> <span class='ocrx_word' id='word_1_74' title='bbox 710 1054 847 1134; x_wconf 78' lang='grc' dir='ltr'><strong><em>περὶτοῦ</em></strong></span> <span class='ocrx_word' id='word_1_75' title='bbox 867 1049 973 1136; x_wconf 84' lang='grc' dir='ltr'><strong><em>δεῖνα),</em></strong></span> <span class='ocrx_word' id='word_1_76' title='bbox 991 1058 1182 1114; x_wconf 87' lang='lat' dir='ltr'>tamencum</span> 
     </span>
     <span class='ocr_line' id='line_1_11' title="bbox 160 1142 1182 1227; baseline -0.003 -21"><span class='ocrx_word' id='word_1_77' title='bbox 160 1147 279 1223; x_wconf 88' lang='lat' dir='ltr'>saepius</span> <span class='ocrx_word' id='word_1_78' title='bbox 301 1148 472 1207; x_wconf 83' lang='lat' dir='ltr'>inveniatur</span> <span class='ocrx_word' id='word_1_79' title='bbox 494 1142 569 1225; x_wconf 76' lang='grc' dir='ltr'>ἀρχὴ</span> <span class='ocrx_word' id='word_1_80' title='bbox 588 1142 654 1227; x_wconf 77' lang='grc' dir='ltr'><strong><em>περὶ</em></strong></span> <span class='ocrx_word' id='word_1_81' title='bbox 677 1153 730 1222; x_wconf 80' lang='grc' dir='ltr'>τῆς</span> <span class='ocrx_word' id='word_1_82' title='bbox 747 1144 896 1224; x_wconf 82' lang='grc' dir='ltr'><strong><em>βασιλείας</em></strong></span> <span class='ocrx_word' id='word_1_83' title='bbox 918 1152 971 1203; x_wconf 80' lang='grc' dir='ltr'>τοῦ</span> <span class='ocrx_word' id='word_1_84' title='bbox 994 1144 1088 1220; x_wconf 80' lang='grc' dir='ltr'><strong><em>δεῖνα,</em></strong></span> <span class='ocrx_word' id='word_1_85' title='bbox 1109 1164 1182 1203; x_wconf 89' lang='lat' dir='ltr'>raro</span> 
     </span>
     <span class='ocr_line' id='line_1_12' title="bbox 161 1232 1182 1316; baseline -0.003 -22"><span class='ocrx_word' id='word_1_86' title='bbox 161 1238 254 1295; x_wconf 90' lang='lat' dir='ltr'>etiam</span> <span class='ocrx_word' id='word_1_87' title='bbox 271 1232 346 1316; x_wconf 70' lang='grc' dir='ltr'>ἀρχὴ</span> <span class='ocrx_word' id='word_1_88' title='bbox 365 1243 418 1313; x_wconf 76' lang='grc' dir='ltr'>τῆς</span> <span class='ocrx_word' id='word_1_89' title='bbox 436 1235 585 1314; x_wconf 80' lang='grc' dir='ltr'><strong><em>βασιλείας</em></strong></span> <span class='ocrx_word' id='word_1_90' title='bbox 603 1242 657 1294; x_wconf 82' lang='grc' dir='ltr'>τοῦ</span> <span class='ocrx_word' id='word_1_91' title='bbox 680 1234 774 1313; x_wconf 80' lang='grc' dir='ltr'><strong><em>δεῖνα,</em></strong></span> <span class='ocrx_word' id='word_1_92' title='bbox 797 1233 926 1293; x_wconf 90' lang='lat' dir='ltr'>efficitur</span> <span class='ocrx_word' id='word_1_93' title='bbox 944 1233 1017 1291; x_wconf 90' lang='lat' dir='ltr'>olim</span> <span class='ocrx_word' id='word_1_94' title='bbox 1035 1236 1182 1310; x_wconf 82' lang='lat' dir='ltr'>scriptum</span> 
     </span>
     <span class='ocr_line' id='line_1_13' title="bbox 160 1320 1182 1405; baseline -0.003 -21"><span class='ocrx_word' id='word_1_95' title='bbox 160 1327 251 1385; x_wconf 77' lang='lat' dir='ltr'>fuisse</span> <span class='ocrx_word' id='word_1_96' title='bbox 281 1325 391 1399; x_wconf 91' lang='lat' dir='ltr'>ubique</span> <span class='ocrx_word' id='word_1_97' title='bbox 421 1320 496 1405; x_wconf 80' lang='grc' dir='ltr'><em>ἀρχὴ</em></span> <span class='ocrx_word' id='word_1_98' title='bbox 524 1332 576 1401; x_wconf 75' lang='grc' dir='ltr'>τῆς</span> <span class='ocrx_word' id='word_1_99' title='bbox 604 1323 753 1401; x_wconf 86' lang='grc' dir='ltr'><strong><em>βασιλείας</em></strong></span> <span class='ocrx_word' id='word_1_100' title='bbox 780 1330 833 1383; x_wconf 81' lang='grc' dir='ltr'>τοῦ</span> <span class='ocrx_word' id='word_1_101' title='bbox 856 1322 953 1400; x_wconf 76' lang='grc' dir='ltr'><strong><em>δεῖνα,</em></strong></span> <span class='ocrx_word' id='word_1_102' title='bbox 980 1325 1086 1398; x_wconf 84' lang='lat' dir='ltr'>postea</span> <span class='ocrx_word' id='word_1_103' title='bbox 1113 1321 1182 1402; x_wconf 81' lang='grc' dir='ltr'><strong><em>περὶ</em></strong></span> 
     </span>
     <span class='ocr_line' id='line_1_14' title="bbox 162 1411 1183 1487; baseline -0.002 -14"><span class='ocrx_word' id='word_1_104' title='bbox 162 1433 224 1474; x_wconf 88' lang='lat' dir='ltr'>esse</span> <span class='ocrx_word' id='word_1_105' title='bbox 244 1413 447 1473; x_wconf 83' lang='lat' dir='ltr'>substitutum.</span> <span class='ocrx_word' id='word_1_106' title='bbox 484 1414 519 1471; x_wconf 89' lang='lat' dir='ltr'>Iu</span> <span class='ocrx_word' id='word_1_107' title='bbox 538 1413 693 1472; x_wconf 77' lang='lat' dir='ltr'>Michaelis</span> <span class='ocrx_word' id='word_1_108' title='bbox 706 1411 753 1470; x_wconf 91' lang='lat' dir='ltr'>III</span> <span class='ocrx_word' id='word_1_109' title='bbox 771 1414 897 1487; x_wconf 91' lang='lat' dir='ltr'>imperio</span> <span class='ocrx_word' id='word_1_110' title='bbox 913 1412 983 1470; x_wconf 89' lang='lat' dir='ltr'>libri</span> <span class='ocrx_word' id='word_1_111' title='bbox 996 1432 1093 1487; x_wconf 90' lang='lat' dir='ltr'>neque</span> <span class='ocrx_word' id='word_1_112' title='bbox 1112 1431 1183 1471; x_wconf 92' lang='lat' dir='ltr'>cum</span> 
     </span>
     <span class='ocr_line' id='line_1_15' title="bbox 161 1501 1183 1578; baseline -0.003 -15"><span class='ocrx_word' id='word_1_113' title='bbox 161 1502 191 1563; x_wconf 88' lang='lat' dir='ltr'><strong><em>A</em></strong></span> <span class='ocrx_word' id='word_1_114' title='bbox 218 1521 314 1578; x_wconf 85' lang='lat' dir='ltr'>noque</span> <span class='ocrx_word' id='word_1_115' title='bbox 347 1522 414 1561; x_wconf 91' lang='lat' dir='ltr'>cum</span> <span class='ocrx_word' id='word_1_116' title='bbox 444 1501 470 1562; x_wconf 78' lang='grc' dir='ltr'><em>Ο</em></span> <span class='ocrx_word' id='word_1_117' title='bbox 495 1503 698 1577; x_wconf 84' lang='lat' dir='ltr'>consentiunt3</span> <span class='ocrx_word' id='word_1_118' title='bbox 729 1502 819 1560; x_wconf 90' lang='lat' dir='ltr'>initio</span> <span class='ocrx_word' id='word_1_119' title='bbox 851 1502 931 1560; x_wconf 91' lang='lat' dir='ltr'>enim</span> <span class='ocrx_word' id='word_1_120' title='bbox 963 1502 1102 1560; x_wconf 83' lang='lat' dir='ltr'>exhibent</span> <span class='ocrx_word' id='word_1_121' title='bbox 1133 1520 1183 1561; x_wconf 91' lang='lat' dir='ltr'>res</span> 
     </span>
     <span class='ocr_line' id='line_1_16' title="bbox 162 1589 1184 1666; baseline -0.002 -15"><span class='ocrx_word' id='word_1_122' title='bbox 162 1592 385 1666; x_wconf 87' lang='lat' dir='ltr'>ecclesiasticas,</span> <span class='ocrx_word' id='word_1_123' title='bbox 408 1592 440 1649; x_wconf 91' lang='lat' dir='ltr'>in</span> <span class='ocrx_word' id='word_1_124' title='bbox 457 1592 516 1649; x_wconf 89' lang='lat' dir='ltr'>fine</span> <span class='ocrx_word' id='word_1_125' title='bbox 534 1590 653 1649; x_wconf 90' lang='lat' dir='ltr'>demum</span> <span class='ocrx_word' id='word_1_126' title='bbox 672 1591 802 1649; x_wconf 90' lang='lat' dir='ltr'>deletam</span> <span class='ocrx_word' id='word_1_127' title='bbox 821 1589 1036 1649; x_wconf 82' lang='lat' dir='ltr'>Saracenorum</span> <span class='ocrx_word' id='word_1_128' title='bbox 1055 1591 1184 1650; x_wconf 78' lang='lat' dir='ltr'>classem</span> 
     </span>
    </p>
   </div>
   <div class='ocr_carea' id='block_1_5' title="bbox 161 1679 1306 2917">
    <p class='ocr_par' dir='ltr' id='par_1_5' title="bbox 161 1679 1306 2917">
     <span class='ocr_line' id='line_1_17' title="bbox 162 1679 1306 1756; baseline 0 -17"><span class='ocrx_word' id='word_1_129' title='bbox 162 1685 295 1739; x_wconf 86' lang='lat' dir='ltr'>narrant</span> <span class='ocrx_word' id='word_1_130' title='bbox 331 1681 397 1740; x_wconf 93' lang='lat' dir='ltr'>Hac</span> <span class='ocrx_word' id='word_1_131' title='bbox 412 1699 528 1756; x_wconf 91' lang='lat' dir='ltr'>quoque</span> <span class='ocrx_word' id='word_1_132' title='bbox 546 1700 578 1738; x_wconf 91' lang='lat' dir='ltr'>re</span> <span class='ocrx_word' id='word_1_133' title='bbox 598 1680 635 1739; x_wconf 89' lang='lat' dir='ltr'>ab</span> <span class='ocrx_word' id='word_1_134' title='bbox 650 1680 680 1737; x_wconf 81' lang='lat' dir='ltr'><strong><em>A</em></strong></span> <span class='ocrx_word' id='word_1_135' title='bbox 699 1683 729 1739; x_wconf 91' lang='lat' dir='ltr'>et</span> <span class='ocrx_word' id='word_1_136' title='bbox 745 1679 771 1739; x_wconf 79' lang='lat' dir='ltr'><em>O</em></span> <span class='ocrx_word' id='word_1_137' title='bbox 787 1680 966 1755; x_wconf 87' lang='lat' dir='ltr'>discrepant,</span> <span class='ocrx_word' id='word_1_138' title='bbox 986 1680 1068 1755; x_wconf 91' lang='lat' dir='ltr'>quod</span> <span class='ocrx_word' id='word_1_139' title='bbox 1081 1682 1183 1739; x_wconf 84' lang='lat' dir='ltr'>textus</span> <span class='ocrx_word' id='word_1_140' title='bbox 1304 1691 1306 1728; x_wconf 74' lang='grc' dir='ltr'><em>ῑ</em></span> 
     </span>
     <span class='ocr_line' id='line_1_18' title="bbox 161 1768 1184 1829; baseline -0.001 0"><span class='ocrx_word' id='word_1_141' title='bbox 161 1769 289 1829; x_wconf 87' lang='lat' dir='ltr'>maxime</span> <span class='ocrx_word' id='word_1_142' title='bbox 309 1789 324 1828; x_wconf 87' lang='lat' dir='ltr'>e</span> <span class='ocrx_word' id='word_1_143' title='bbox 344 1769 492 1828; x_wconf 84' lang='lat' dir='ltr'>Theodori</span> <span class='ocrx_word' id='word_1_144' title='bbox 510 1769 646 1827; x_wconf 89' lang='lat' dir='ltr'>Meliteni</span> <span class='ocrx_word' id='word_1_145' title='bbox 665 1770 803 1829; x_wconf 89' lang='lat' dir='ltr'>chronico</span> <span class='ocrx_word' id='word_1_146' title='bbox 822 1773 852 1828; x_wconf 89' lang='lat' dir='ltr'>et</span> <span class='ocrx_word' id='word_1_147' title='bbox 865 1768 1029 1828; x_wconf 81' lang='lat' dir='ltr'>Alexandri</span> <span class='ocrx_word' id='word_1_148' title='bbox 1042 1769 1184 1828; x_wconf 88' lang='lat' dir='ltr'>Monachi</span> 
     </span>
     <span class='ocr_line' id='line_1_19' title="bbox 162 1856 1305 1934; baseline -0.001 -17"><span class='ocrx_word' id='word_1_149' title='bbox 162 1858 264 1919; x_wconf 89' lang='lat' dir='ltr'>libello</span> <span class='ocrx_word' id='word_1_150' title='bbox 279 1859 315 1917; x_wconf 92' lang='lat' dir='ltr'>de</span> <span class='ocrx_word' id='word_1_151' title='bbox 333 1860 504 1918; x_wconf 77' lang='lat' dir='ltr'>inventione</span> <span class='ocrx_word' id='word_1_152' title='bbox 525 1857 552 1916; x_wconf 81' lang='lat' dir='ltr'>S.</span> <span class='ocrx_word' id='word_1_153' title='bbox 570 1858 671 1917; x_wconf 76' lang='lat' dir='ltr'>Crucis</span> <span class='ocrx_word' id='word_1_154' title='bbox 690 1858 889 1934; x_wconf 86' lang='lat' dir='ltr'>interpolatus</span> <span class='ocrx_word' id='word_1_155' title='bbox 903 1862 956 1919; x_wconf 89' lang='lat' dir='ltr'>est.</span> <span class='ocrx_word' id='word_1_156' title='bbox 990 1856 1067 1916; x_wconf 83' lang='lat' dir='ltr'>Sunt</span> <span class='ocrx_word' id='word_1_157' title='bbox 1081 1860 1184 1917; x_wconf 91' lang='lat' dir='ltr'>autem</span> <span class='ocrx_word' id='word_1_158' title='bbox 1304 1859 1305 1880; x_wconf 67' lang='lat'>¹</span> 
     </span>
     <span class='ocr_line' id='line_1_20' title="bbox 163 1947 1305 2025; baseline 0.002 -19"><span class='ocrx_word' id='word_1_159' title='bbox 163 1967 257 2023; x_wconf 89' lang='lat' dir='ltr'>usque</span> <span class='ocrx_word' id='word_1_160' title='bbox 281 1948 320 2007; x_wconf 90' lang='lat' dir='ltr'>ad</span> <span class='ocrx_word' id='word_1_161' title='bbox 338 1948 493 2006; x_wconf 82' lang='lat' dir='ltr'>Michaelis</span> <span class='ocrx_word' id='word_1_162' title='bbox 510 1948 600 2006; x_wconf 88' lang='lat' dir='ltr'>Balbi</span> <span class='ocrx_word' id='word_1_163' title='bbox 621 1948 782 2023; x_wconf 89' lang='lat' dir='ltr'>imperium</span> <span class='ocrx_word' id='word_1_164' title='bbox 801 1966 899 2025; x_wconf 89' lang='lat' dir='ltr'>pauca</span> <span class='ocrx_word' id='word_1_165' title='bbox 916 1950 1037 2007; x_wconf 86' lang='lat' dir='ltr'>tantum</span> <span class='ocrx_word' id='word_1_166' title='bbox 1059 1947 1184 2021; x_wconf 84' lang='lat' dir='ltr'>inserta,</span> <span class='ocrx_word' id='word_1_167' title='bbox 1304 1979 1305 2008; x_wconf 69' lang='grc' dir='ltr'><strong><em>ι</em></strong></span> 
     </span>
     <span class='ocr_line' id='line_1_21' title="bbox 161 2015 1305 2114; baseline -0.003 -17"><span class='ocrx_word' id='word_1_168' title='bbox 161 2040 267 2114; x_wconf 88' lang='lat' dir='ltr'>postea</span> <span class='ocrx_word' id='word_1_169' title='bbox 293 2039 467 2096; x_wconf 83' lang='lat' dir='ltr'>universum</span> <span class='ocrx_word' id='word_1_170' title='bbox 491 2036 650 2097; x_wconf 84' lang='lat' dir='ltr'>Theodosii</span> <span class='ocrx_word' id='word_1_171' title='bbox 680 2037 839 2097; x_wconf 89' lang='lat' dir='ltr'>chronicon</span> <span class='ocrx_word' id='word_1_172' title='bbox 861 2040 1015 2113; x_wconf 90' lang='lat' dir='ltr'>receptum</span> <span class='ocrx_word' id='word_1_173' title='bbox 1037 2039 1090 2096; x_wconf 86' lang='lat' dir='ltr'>est.</span> <span class='ocrx_word' id='word_1_174' title='bbox 1136 2037 1184 2093; x_wconf 92' lang='lat' dir='ltr'>De</span> <span class='ocrx_word' id='word_1_175' title='bbox 1304 2015 1305 2110; x_wconf 68' lang='grc'><strong>1</strong></span> 
     </span>
     <span class='ocr_line' id='line_1_22' title="bbox 163 2121 1305 2203; baseline -0.005 -17"><span class='ocrx_word' id='word_1_176' title='bbox 163 2126 299 2186; x_wconf 88' lang='lat' dir='ltr'>omnibus</span> <span class='ocrx_word' id='word_1_177' title='bbox 322 2127 368 2185; x_wconf 90' lang='lat' dir='ltr'>his</span> <span class='ocrx_word' id='word_1_178' title='bbox 387 2125 475 2184; x_wconf 89' lang='lat' dir='ltr'>rebus</span> <span class='ocrx_word' id='word_1_179' title='bbox 499 2129 529 2185; x_wconf 89' lang='lat' dir='ltr'>et</span> <span class='ocrx_word' id='word_1_180' title='bbox 552 2125 587 2185; x_wconf 93' lang='lat' dir='ltr'>de</span> <span class='ocrx_word' id='word_1_181' title='bbox 606 2126 783 2203; x_wconf 84' lang='lat' dir='ltr'>chotheta‚</span> <span class='ocrx_word' id='word_1_182' title='bbox 807 2128 860 2201; x_wconf 93' lang='lat' dir='ltr'>qui</span> <span class='ocrx_word' id='word_1_183' title='bbox 881 2127 914 2184; x_wconf 93' lang='lat' dir='ltr'>in</span> <span class='ocrx_word' id='word_1_184' title='bbox 935 2127 1071 2203; x_wconf 84' lang='lat' dir='ltr'>margine</span> <span class='ocrx_word' id='word_1_185' title='bbox 1093 2144 1122 2200; x_wconf 88' lang='lat' dir='ltr'>p.</span> <span class='ocrx_word' id='word_1_186' title='bbox 1138 2126 1184 2185; x_wconf 89' lang='lat'>80</span> <span class='ocrx_word' id='word_1_187' title='bbox 1304 2121 1305 2180; x_wconf 63' lang='lat'>3</span> 
     </span>
     <span class='ocr_line' id='line_1_23' title="bbox 164 2209 1305 2300; baseline -0.002 -25"><span class='ocrx_word' id='word_1_188' title='bbox 164 2216 207 2275; x_wconf 86' lang='lat' dir='ltr'>ed.</span> <span class='ocrx_word' id='word_1_189' title='bbox 231 2216 300 2273; x_wconf 89' lang='lat' dir='ltr'>Mur</span> <span class='ocrx_word' id='word_1_190' title='bbox 331 2218 361 2273; x_wconf 85' lang='lat' dir='ltr'>et</span> <span class='ocrx_word' id='word_1_191' title='bbox 392 2216 425 2273; x_wconf 91' lang='lat' dir='ltr'>in</span> <span class='ocrx_word' id='word_1_192' title='bbox 457 2215 724 2291; x_wconf 89' lang='lat' dir='ltr'>subscriptionibus</span> <span class='ocrx_word' id='word_1_193' title='bbox 756 2218 1018 2290; x_wconf 72' lang='lat' dir='ltr'>commemoratur,</span> <span class='ocrx_word' id='word_1_194' title='bbox 1055 2214 1185 2273; x_wconf 89' lang='lat' dir='ltr'>disserui</span> <span class='ocrx_word' id='word_1_195' title='bbox 1304 2209 1305 2300; x_wconf 55' lang='grc'><strong>1</strong></span> 
     </span>
     <span class='ocr_line' id='line_1_24' title="bbox 162 2296 1305 2386; baseline -0.001 -23"><span class='ocrx_word' id='word_1_196' title='bbox 162 2306 197 2363; x_wconf 90' lang='grc' dir='ltr'>Β.</span> <span class='ocrx_word' id='word_1_197' title='bbox 223 2305 252 2363; x_wconf 83' lang='grc' dir='ltr'>Ζ.</span> <span class='ocrx_word' id='word_1_198' title='bbox 267 2304 312 2362; x_wconf 88' lang='lat' dir='ltr'>VI</span> <span class='ocrx_word' id='word_1_199' title='bbox 335 2296 466 2385; x_wconf 78' lang='lat'>(1897),</span> <span class='ocrx_word' id='word_1_200' title='bbox 498 2324 526 2381; x_wconf 89' lang='lat' dir='ltr'>p.</span> <span class='ocrx_word' id='word_1_201' title='bbox 547 2306 612 2362; x_wconf 79' lang='lat'>244</span> <span class='ocrx_word' id='word_1_202' title='bbox 622 2324 665 2380; x_wconf 90' lang='lat' dir='ltr'>sq.</span> <span class='ocrx_word' id='word_1_203' title='bbox 716 2304 926 2364; x_wconf 66' lang='lat' dir='ltr'>Demonstrati</span> <span class='ocrx_word' id='word_1_204' title='bbox 958 2303 1000 2362; x_wconf 93' lang='lat' dir='ltr'>ibi</span> <span class='ocrx_word' id='word_1_205' title='bbox 1028 2303 1120 2363; x_wconf 90' lang='lat' dir='ltr'>libros</span> <span class='ocrx_word' id='word_1_206' title='bbox 1144 2305 1184 2378; x_wconf 84' lang='lat' dir='ltr'>R,</span> <span class='ocrx_word' id='word_1_207' title='bbox 1304 2315 1305 2386; x_wconf 68' lang='lat' dir='ltr'>J</span> 
     </span>
     <span class='ocr_line' id='line_1_25' title="bbox 164 2393 1305 2469; baseline 0.001 -18"><span class='ocrx_word' id='word_1_208' title='bbox 164 2394 300 2469; x_wconf 88' lang='lat' dir='ltr'>quamvis</span> <span class='ocrx_word' id='word_1_209' title='bbox 320 2411 356 2450; x_wconf 83' lang='lat' dir='ltr'>er</span> <span class='ocrx_word' id='word_1_210' title='bbox 374 2393 476 2452; x_wconf 89' lang='lat' dir='ltr'>eodem</span> <span class='ocrx_word' id='word_1_211' title='bbox 495 2395 577 2454; x_wconf 82' lang='lat' dir='ltr'>fonte</span> <span class='ocrx_word' id='word_1_212' title='bbox 595 2393 772 2469; x_wconf 83' lang='lat' dir='ltr'>interpolati</span> <span class='ocrx_word' id='word_1_213' title='bbox 790 2393 852 2453; x_wconf 89' lang='lat' dir='ltr'>sint</span> <span class='ocrx_word' id='word_1_214' title='bbox 870 2413 905 2453; x_wconf 89' lang='lat' dir='ltr'>ac</span> <span class='ocrx_word' id='word_1_215' title='bbox 923 2393 958 2461; x_wconf 85' lang='lat' dir='ltr'>¹l⁷</span> <span class='ocrx_word' id='word_1_216' title='bbox 977 2396 1008 2451; x_wconf 89' lang='lat' dir='ltr'>et</span> <span class='ocrx_word' id='word_1_217' title='bbox 1024 2393 1064 2465; x_wconf 90' lang='lat' dir='ltr'>L,</span> <span class='ocrx_word' id='word_1_218' title='bbox 1085 2412 1184 2468; x_wconf 90' lang='lat' dir='ltr'>neque</span> <span class='ocrx_word' id='word_1_219' title='bbox 1304 2397 1305 2452; x_wconf 83' lang='lat' dir='ltr'>l</span> 
     </span>
     <span class='ocr_line' id='line_1_26' title="bbox 165 2482 1305 2564; baseline 0 -23"><span class='ocrx_word' id='word_1_220' title='bbox 165 2501 201 2541; x_wconf 89' lang='lat' dir='ltr'>ex</span> <span class='ocrx_word' id='word_1_221' title='bbox 224 2483 253 2540; x_wconf 86' lang='lat' dir='ltr'><strong><em>V</em></strong></span> <span class='ocrx_word' id='word_1_222' title='bbox 271 2501 367 2557; x_wconf 91' lang='lat' dir='ltr'>neque</span> <span class='ocrx_word' id='word_1_223' title='bbox 387 2502 422 2540; x_wconf 84' lang='lat' dir='ltr'>ex</span> <span class='ocrx_word' id='word_1_224' title='bbox 440 2482 471 2540; x_wconf 91' lang='lat' dir='ltr'><em>L</em></span> <span class='ocrx_word' id='word_1_225' title='bbox 493 2482 629 2558; x_wconf 86' lang='lat' dir='ltr'>pendere,</span> <span class='ocrx_word' id='word_1_226' title='bbox 653 2483 704 2541; x_wconf 88' lang='lat' dir='ltr'>sed</span> <span class='ocrx_word' id='word_1_227' title='bbox 724 2500 759 2541; x_wconf 84' lang='lat' dir='ltr'>ax</span> <span class='ocrx_word' id='word_1_228' title='bbox 776 2484 843 2559; x_wconf 91' lang='lat' dir='ltr'>ipso</span> <span class='ocrx_word' id='word_1_229' title='bbox 866 2482 919 2542; x_wconf 88' lang='lat' dir='ltr'>illo</span> <span class='ocrx_word' id='word_1_230' title='bbox 937 2483 1022 2541; x_wconf 84' lang='lat' dir='ltr'>fonte</span> <span class='ocrx_word' id='word_1_231' title='bbox 1039 2482 1183 2542; x_wconf 85' lang='lat' dir='ltr'>hausisse.</span> <span class='ocrx_word' id='word_1_232' title='bbox 1304 2517 1305 2564; x_wconf 47' lang='lat' dir='ltr'>p</span> 
     </span>
     <span class='ocr_line' id='line_1_27' title="bbox 163 2570 1305 2652; baseline 0.001 -23"><span class='ocrx_word' id='word_1_233' title='bbox 163 2570 298 2629; x_wconf 81' lang='lat' dir='ltr'>Fuerunt</span> <span class='ocrx_word' id='word_1_234' title='bbox 320 2572 422 2629; x_wconf 88' lang='lat' dir='ltr'>autem</span> <span class='ocrx_word' id='word_1_235' title='bbox 446 2570 652 2631; x_wconf 87' lang='lat' dir='ltr'>additamenta</span> <span class='ocrx_word' id='word_1_236' title='bbox 674 2571 729 2630; x_wconf 90' lang='lat' dir='ltr'>illa</span> <span class='ocrx_word' id='word_1_237' title='bbox 751 2573 783 2630; x_wconf 92' lang='lat' dir='ltr'>in</span> <span class='ocrx_word' id='word_1_238' title='bbox 804 2572 913 2632; x_wconf 89' lang='lat' dir='ltr'>codicis</span> <span class='ocrx_word' id='word_1_239' title='bbox 936 2574 1031 2631; x_wconf 89' lang='lat' dir='ltr'>totius</span> <span class='ocrx_word' id='word_1_240' title='bbox 1048 2572 1184 2631; x_wconf 89' lang='lat' dir='ltr'>familiae</span> <span class='ocrx_word' id='word_1_241' title='bbox 1304 2621 1305 2652; x_wconf 27' lang='grc' dir='ltr'><strong><em>ς</em></strong></span> 
     </span>
     <span class='ocr_line' id='line_1_28' title="bbox 165 2657 1306 2737; baseline 0.002 -19"><span class='ocrx_word' id='word_1_242' title='bbox 165 2659 320 2736; x_wconf 82' lang='lat' dir='ltr'>archetypi</span> <span class='ocrx_word' id='word_1_243' title='bbox 343 2661 477 2737; x_wconf 83' lang='lat' dir='ltr'>margine</span> <span class='ocrx_word' id='word_1_244' title='bbox 502 2660 666 2736; x_wconf 84' lang='lat' dir='ltr'>adscripta,</span> <span class='ocrx_word' id='word_1_245' title='bbox 688 2662 721 2719; x_wconf 91' lang='lat' dir='ltr'>in</span> <span class='ocrx_word' id='word_1_246' title='bbox 744 2660 835 2735; x_wconf 84' lang='lat' dir='ltr'>libro,</span> <span class='ocrx_word' id='word_1_247' title='bbox 863 2680 900 2719; x_wconf 84' lang='lat' dir='ltr'>ex</span> <span class='ocrx_word' id='word_1_248' title='bbox 922 2680 981 2736; x_wconf 90' lang='lat' dir='ltr'>quo</span> <span class='ocrx_word' id='word_1_249' title='bbox 1005 2661 1056 2737; x_wconf 92' lang='lat' dir='ltr'>qui</span> <span class='ocrx_word' id='word_1_250' title='bbox 1080 2680 1183 2736; x_wconf 90' lang='lat' dir='ltr'>super·</span> <span class='ocrx_word' id='word_1_251' title='bbox 1304 2657 1306 2724; x_wconf 84' lang='grc'><strong>1</strong></span> 
     </span>
     <span class='ocr_line' id='line_1_29' title="bbox 165 2748 1305 2827; baseline 0.001 -19"><span class='ocrx_word' id='word_1_252' title='bbox 165 2750 235 2808; x_wconf 87' lang='lat' dir='ltr'>sunt</span> <span class='ocrx_word' id='word_1_253' title='bbox 248 2748 319 2807; x_wconf 86' lang='lat' dir='ltr'>libri</span> <span class='ocrx_word' id='word_1_254' title='bbox 332 2751 523 2823; x_wconf 88' lang='lat' dir='ltr'>transscripti</span> <span class='ocrx_word' id='word_1_255' title='bbox 537 2752 614 2824; x_wconf 84' lang='lat' dir='ltr'>sunt,</span> <span class='ocrx_word' id='word_1_256' title='bbox 627 2750 741 2825; x_wconf 86' lang='lat' dir='ltr'>partim</span> <span class='ocrx_word' id='word_1_257' title='bbox 753 2752 786 2809; x_wconf 89' lang='lat' dir='ltr'>in</span> <span class='ocrx_word' id='word_1_258' title='bbox 799 2753 934 2827; x_wconf 87' lang='lat' dir='ltr'>margine</span> <span class='ocrx_word' id='word_1_259' title='bbox 952 2750 1057 2809; x_wconf 88' lang='lat' dir='ltr'>relicta</span> <span class='ocrx_word' id='word_1_260' title='bbox 1070 2753 1185 2825; x_wconf 87' lang='lat' dir='ltr'>partim</span> <span class='ocrx_word' id='word_1_261' title='bbox 1304 2751 1305 2792; x_wconf 63' lang='grc'><strong>1</strong></span> 
     </span>
     <span class='ocr_line' id='line_1_30' title="bbox 164 2838 1305 2917; baseline 0 -20"><span class='ocrx_word' id='word_1_262' title='bbox 164 2840 197 2897; x_wconf 92' lang='lat' dir='ltr'>in</span> <span class='ocrx_word' id='word_1_263' title='bbox 219 2840 337 2897; x_wconf 81' lang='lat' dir='ltr'>textum</span> <span class='ocrx_word' id='word_1_264' title='bbox 353 2840 474 2913; x_wconf 89' lang='lat' dir='ltr'>recepta</span> <span class='ocrx_word' id='word_1_265' title='bbox 493 2840 571 2898; x_wconf 90' lang='lat' dir='ltr'>sunt.</span> <span class='ocrx_word' id='word_1_266' title='bbox 608 2838 677 2897; x_wconf 86' lang='lat' dir='ltr'>Non</span> <span class='ocrx_word' id='word_1_267' title='bbox 694 2839 789 2917; x_wconf 90' lang='lat' dir='ltr'>igitur</span> <span class='ocrx_word' id='word_1_268' title='bbox 807 2840 917 2898; x_wconf 90' lang='lat' dir='ltr'>mirum</span> <span class='ocrx_word' id='word_1_269' title='bbox 935 2842 981 2898; x_wconf 91' lang='lat' dir='ltr'>est</span> <span class='ocrx_word' id='word_1_270' title='bbox 999 2839 1185 2898; x_wconf 86' lang='lat' dir='ltr'>additamen·</span> <span class='ocrx_word' id='word_1_271' title='bbox 1304 2895 1305 2904; x_wconf 69' lang='grc'>,</span> 
     </span>
    </p>
   </div>
   <div class='ocr_carea' id='block_1_6' title="bbox 164 2927 1185 3274">
    <p class='ocr_par' dir='ltr' id='par_1_6' title="bbox 164 2927 1185 3274">
     <span class='ocr_line' id='line_1_31' title="bbox 164 2927 1185 3004; baseline 0 -17"><span class='ocrx_word' id='word_1_272' title='bbox 164 2931 265 2987; x_wconf 86' lang='lat' dir='ltr'>torum</span> <span class='ocrx_word' id='word_1_273' title='bbox 286 2928 404 3004; x_wconf 81' lang='lat' dir='ltr'>partem</span> <span class='ocrx_word' id='word_1_274' title='bbox 426 2930 459 2986; x_wconf 91' lang='lat' dir='ltr'>in</span> <span class='ocrx_word' id='word_1_275' title='bbox 482 2927 618 2987; x_wconf 88' lang='lat' dir='ltr'>omnibus</span> <span class='ocrx_word' id='word_1_276' title='bbox 641 2928 728 2987; x_wconf 88' lang='lat' dir='ltr'>libris</span> <span class='ocrx_word' id='word_1_277' title='bbox 751 2948 814 2989; x_wconf 89' lang='lat' dir='ltr'>esse</span> <span class='ocrx_word' id='word_1_278' title='bbox 836 2930 869 2987; x_wconf 94' lang='lat' dir='ltr'>in</span> <span class='ocrx_word' id='word_1_279' title='bbox 891 2932 1008 2987; x_wconf 84' lang='lat' dir='ltr'>textum</span> <span class='ocrx_word' id='word_1_280' title='bbox 1029 2929 1185 3003; x_wconf 81' lang='lat' dir='ltr'>insertam,</span> 
     </span>
     <span class='ocr_line' id='line_1_32' title="bbox 166 3016 1185 3094; baseline 0.001 -18"><span class='ocrx_word' id='word_1_281' title='bbox 166 3018 283 3094; x_wconf 78' lang='lat' dir='ltr'>partem</span> <span class='ocrx_word' id='word_1_282' title='bbox 310 3018 342 3075; x_wconf 91' lang='lat' dir='ltr'>in</span> <span class='ocrx_word' id='word_1_283' title='bbox 372 3016 500 3075; x_wconf 80' lang='lat' dir='ltr'>aliorum</span> <span class='ocrx_word' id='word_1_284' title='bbox 526 3020 611 3077; x_wconf 81' lang='lat' dir='ltr'>textu</span> <span class='ocrx_word' id='word_1_285' title='bbox 638 3018 780 3093; x_wconf 83' lang='lat' dir='ltr'>inveniri,</span> <span class='ocrx_word' id='word_1_286' title='bbox 810 3020 842 3076; x_wconf 95' lang='lat' dir='ltr'>in</span> <span class='ocrx_word' id='word_1_287' title='bbox 869 3018 1005 3094; x_wconf 87' lang='lat' dir='ltr'>margine</span> <span class='ocrx_word' id='word_1_288' title='bbox 1032 3017 1185 3093; x_wconf 85' lang='lat' dir='ltr'>adscripta</span> 
     </span>
     <span class='ocr_line' id='line_1_33' title="bbox 166 3107 1184 3180; baseline 0 -15"><span class='ocrx_word' id='word_1_289' title='bbox 166 3124 228 3166; x_wconf 89' lang='lat' dir='ltr'>esse</span> <span class='ocrx_word' id='word_1_290' title='bbox 252 3107 389 3179; x_wconf 86' lang='lat' dir='ltr'>aliorum,</span> <span class='ocrx_word' id='word_1_291' title='bbox 411 3110 529 3180; x_wconf 89' lang='lat' dir='ltr'>partem</span> <span class='ocrx_word' id='word_1_292' title='bbox 551 3107 583 3165; x_wconf 93' lang='lat' dir='ltr'>in</span> <span class='ocrx_word' id='word_1_293' title='bbox 607 3107 675 3166; x_wconf 92' lang='lat' dir='ltr'>aliis</span> <span class='ocrx_word' id='word_1_294' title='bbox 698 3107 748 3165; x_wconf 93' lang='lat' dir='ltr'>hic</span> <span class='ocrx_word' id='word_1_295' title='bbox 770 3110 803 3165; x_wconf 91' lang='lat' dir='ltr'>in</span> <span class='ocrx_word' id='word_1_296' title='bbox 828 3107 896 3166; x_wconf 90' lang='lat' dir='ltr'>aliis</span> <span class='ocrx_word' id='word_1_297' title='bbox 919 3107 983 3165; x_wconf 90' lang='lat' dir='ltr'>illic</span> <span class='ocrx_word' id='word_1_298' title='bbox 1007 3125 1069 3167; x_wconf 89' lang='lat' dir='ltr'>esse</span> <span class='ocrx_word' id='word_1_299' title='bbox 1091 3108 1184 3165; x_wconf 90' lang='lat' dir='ltr'>inter-</span> 
     </span>
     <span class='ocr_line' id='line_1_34' title="bbox 166 3194 1185 3274; baseline 0.003 -21"><span class='ocrx_word' id='word_1_300' title='bbox 166 3196 273 3270; x_wconf 87' lang='lat' dir='ltr'>posita,</span> <span class='ocrx_word' id='word_1_301' title='bbox 292 3198 410 3271; x_wconf 88' lang='lat' dir='ltr'>partem</span> <span class='ocrx_word' id='word_1_302' title='bbox 428 3194 556 3271; x_wconf 92' lang='lat' dir='ltr'>denique</span> <span class='ocrx_word' id='word_1_303' title='bbox 573 3197 606 3254; x_wconf 91' lang='lat' dir='ltr'>in</span> <span class='ocrx_word' id='word_1_304' title='bbox 623 3198 728 3272; x_wconf 87' lang='lat' dir='ltr'>paucis</span> <span class='ocrx_word' id='word_1_305' title='bbox 746 3198 867 3255; x_wconf 89' lang='lat' dir='ltr'>tantum</span> <span class='ocrx_word' id='word_1_306' title='bbox 884 3197 933 3255; x_wconf 80' lang='lat' dir='ltr'>vel</span> <span class='ocrx_word' id='word_1_307' title='bbox 954 3197 1080 3274; x_wconf 85' lang='lat' dir='ltr'>singulis</span> <span class='ocrx_word' id='word_1_308' title='bbox 1098 3196 1185 3256; x_wconf 92' lang='lat' dir='ltr'>libris</span> 
     </span>
    </p>
   </div>
   <div class='ocr_carea' id='block_1_7' title="bbox 87 3283 1305 3631">
    <p class='ocr_par' dir='ltr' id='par_1_7' title="bbox 87 3283 1305 3631">
     <span class='ocr_line' id='line_1_35' title="bbox 87 3283 1305 3362; baseline 0.005 -18"><span class='ocrx_word' id='word_1_309' title='bbox 87 3290 91 3301; x_wconf 90' lang='lat'>&#39;</span> <span class='ocrx_word' id='word_1_310' title='bbox 166 3286 316 3344; x_wconf 88' lang='lat' dir='ltr'>servatam</span> <span class='ocrx_word' id='word_1_311' title='bbox 334 3303 405 3344; x_wconf 90' lang='lat' dir='ltr'>esse.</span> <span class='ocrx_word' id='word_1_312' title='bbox 443 3283 568 3362; x_wconf 83' lang='lat' dir='ltr'>Saepius</span> <span class='ocrx_word' id='word_1_313' title='bbox 586 3285 618 3343; x_wconf 92' lang='lat' dir='ltr'>in</span> <span class='ocrx_word' id='word_1_314' title='bbox 633 3286 738 3345; x_wconf 80' lang='lat' dir='ltr'>Meet</span> <span class='ocrx_word' id='word_1_315' title='bbox 757 3285 793 3345; x_wconf 80' lang='grc'><strong>01</strong></span> <span class='ocrx_word' id='word_1_316' title='bbox 815 3286 864 3344; x_wconf 85' lang='lat' dir='ltr'>vel</span> <span class='ocrx_word' id='word_1_317' title='bbox 885 3287 917 3343; x_wconf 92' lang='lat' dir='ltr'>in</span> <span class='ocrx_word' id='word_1_318' title='bbox 940 3286 1004 3345; x_wconf 91' lang='lat' dir='ltr'>solo</span> <span class='ocrx_word' id='word_1_319' title='bbox 1022 3286 1077 3344; x_wconf 83' lang='lat' dir='ltr'>Mo</span> <span class='ocrx_word' id='word_1_320' title='bbox 1101 3285 1184 3344; x_wconf 90' lang='lat' dir='ltr'>addi·</span> <span class='ocrx_word' id='word_1_321' title='bbox 1304 3345 1305 3350; x_wconf 73' lang='grc'>,</span> 
     </span>
     <span class='ocr_line' id='line_1_36' title="bbox 165 3374 1184 3452; baseline 0.002 -21"><span class='ocrx_word' id='word_1_322' title='bbox 165 3375 301 3433; x_wconf 85' lang='lat' dir='ltr'>tamenta</span> <span class='ocrx_word' id='word_1_323' title='bbox 322 3374 524 3449; x_wconf 83' lang='lat' dir='ltr'>inveniuntur,</span> <span class='ocrx_word' id='word_1_324' title='bbox 547 3392 622 3449; x_wconf 89' lang='lat' dir='ltr'>quae</span> <span class='ocrx_word' id='word_1_325' title='bbox 645 3376 678 3433; x_wconf 94' lang='lat' dir='ltr'>in</span> <span class='ocrx_word' id='word_1_326' title='bbox 696 3375 820 3452; x_wconf 90' lang='lat' dir='ltr'>reliquis</span> <span class='ocrx_word' id='word_1_327' title='bbox 839 3375 925 3435; x_wconf 90' lang='lat' dir='ltr'>libris</span> <span class='ocrx_word' id='word_1_328' title='bbox 944 3375 1060 3435; x_wconf 87' lang='lat' dir='ltr'>desunt.</span> <span class='ocrx_word' id='word_1_329' title='bbox 1094 3374 1184 3433; x_wconf 90' lang='lat' dir='ltr'>Prae·</span> 
     </span>
     <span class='ocr_line' id='line_1_37' title="bbox 165 3462 1185 3540; baseline 0.002 -19"><span class='ocrx_word' id='word_1_330' title='bbox 165 3464 249 3521; x_wconf 87' lang='lat' dir='ltr'>terea</span> <span class='ocrx_word' id='word_1_331' title='bbox 272 3462 381 3523; x_wconf 90' lang='lat' dir='ltr'>codicis</span> <span class='ocrx_word' id='word_1_332' title='bbox 409 3464 497 3523; x_wconf 90' lang='lat' dir='ltr'>huius</span> <span class='ocrx_word' id='word_1_333' title='bbox 520 3463 655 3523; x_wconf 86' lang='lat' dir='ltr'>familiae</span> <span class='ocrx_word' id='word_1_334' title='bbox 678 3465 835 3540; x_wconf 78' lang='lat' dir='ltr'>archetypi</span> <span class='ocrx_word' id='word_1_335' title='bbox 860 3464 1001 3523; x_wconf 89' lang='lat' dir='ltr'>librarius</span> <span class='ocrx_word' id='word_1_336' title='bbox 1024 3464 1185 3539; x_wconf 87' lang='lat' dir='ltr'>scriptores</span> 
     </span>
     <span class='ocr_line' id='line_1_38' title="bbox 167 3551 1185 3631; baseline 0.003 -22"><span class='ocrx_word' id='word_1_337' title='bbox 167 3553 395 3629; x_wconf 83' lang='lat' dir='ltr'>ecclesiasticos,</span> <span class='ocrx_word' id='word_1_338' title='bbox 423 3573 459 3612; x_wconf 85' lang='lat' dir='ltr'>ex</span> <span class='ocrx_word' id='word_1_339' title='bbox 482 3552 589 3628; x_wconf 89' lang='lat' dir='ltr'>quibus</span> <span class='ocrx_word' id='word_1_340' title='bbox 613 3551 758 3631; x_wconf 81' lang='lat' dir='ltr'>Georgius</span> <span class='ocrx_word' id='word_1_341' title='bbox 781 3554 936 3628; x_wconf 84' lang='lat' dir='ltr'>hauserat,</span> <span class='ocrx_word' id='word_1_342' title='bbox 962 3554 1011 3612; x_wconf 88' lang='lat' dir='ltr'>hic</span> <span class='ocrx_word' id='word_1_343' title='bbox 1033 3553 1098 3612; x_wconf 87' lang='lat' dir='ltr'>illic</span> <span class='ocrx_word' id='word_1_344' title='bbox 1119 3555 1185 3629; x_wconf 90' lang='lat' dir='ltr'>ipse</span> 
     </span>
    </p>
   </div>
   <div class='ocr_carea' id='block_1_8' title="bbox 0 0 1323 3909">
    <p class='ocr_par' dir='ltr' id='par_1_8' title="bbox 0 0 1323 3909">
     <span class='ocr_line' id='line_1_39' title="bbox 0 0 1323 3909; baseline 0 0"><span class='ocrx_word' id='word_1_345' title='bbox 0 0 1323 3909; x_wconf 95' lang='lat' dir='ltr'> </span> 
     </span>
    </p>
   </div>
  </div>
 </body>
</html>
