2617 3909
204 213 267 279 188
516 218 702 270 rmpmooe
720 218 903 269 Μοαειεοε

201 375 302 449 γραφή
326 361 421 447 χειρός
443 367 550 448 κυρίου
573 364 683 428 δέδωκε
701 363 801 426 Δαυλδ
820 363 966 444 Σολομὼν
989 371 1029 448 τῷ
1048 349 1116 448 υἱῷ·
1129 365 1226 427 αύτού

202 461 306 544 λέγων·
331 464 411 543 ἴσχυε
433 463 484 524 καλ
502 462 653 544 ἀνδρίζου,
677 462 721 523 ότι
739 463 842 543 κύριος
861 460 877 524 ό
897 461 968 536 θεός
988 485 1045 541 μου
1067 463 1142 542 μετά
1160 481 1224 524 σου.

201 558 251 621 καί
274 559 344 639 μετά
366 570 457 622 ταῦτα
479 561 643 641 ἐτελεύτησε
661 559 761 622 Δαυλδ
783 559 816 621 ἒν
836 559 920 642 γήρει
937 565 1016 644 καλῷ
1035 559 1087 621 καὶ
1105 561 1224 642 πλήρης

196 653 330 739 ήμερῶν,
352 659 469 743 πλούτῳ
492 658 541 720 καλ
565 658 637 742 δόξη
657 657 707 718 καλ
725 657 869 743 εὐσεβείᾳ,
888 657 961 719 ἐτῶν
979 655 1018 718 ο’.
1057 657 1136 738 φησὶ
1154 661 1223 741 γάρ·

175 754 251 817 σ’καλ
280 754 392 836 ἐγένετο
424 756 495 835 μετὰ
526 756 558 817 τὸ
590 755 759 818 ἀποθανεῖν
786 755 838 816 τὸν
866 756 982 834 Σαούλ,
1009 754 1060 816 καλ
1089 756 1224 837 ἔρχονται

96 860 98 862 ’
202 849 309 934 ἀνδρες
331 862 384 933 τῆς
405 847 551 927 Ἰουδαίας
573 853 606 915 ἕν
628 852 754 936 Χεβρὼν
772 853 822 914 καὶ
840 854 956 935 χρίουσι
973 853 1025 916 τόν
1044 853 1147 914 Δαυλδ
1164 854 1228 915 ἐκεῖ

201 959 255 1011 τοῦ
278 951 444 1030 βασιλεύειν
471 950 519 1013 ἐπὶ
546 951 598 1013 τὸν
625 945 711 1012 οἷκον
730 945 837 1012 Ἰούδα.
883 950 933 1011 καλ
955 951 1058 1012 πάλιν·
1088 949 1223 1033 ἔρχονται

197 1047 309 1122 πάντες
332 1050 364 1109 οί
382 1044 575 1132 πρεσβύτεροι
594 1043 711 1130 Ἰσραήλ
735 1048 811 1132 πρὸς
833 1049 885 1110 τὸν
908 1047 1008 1110 Δαυλδ
1030 1050 1072 1122 εἰς
1095 1049 1223 1131 Χεβρὼν

200 1144 251 1206 καλ
278 1148 412 1228 χρίουσιν
443 1146 535 1210 αύτὸν
569 1147 612 1219 είς
639 1145 760 1228 βασιλέα
787 1146 836 1208 ίπλ
863 1147 960 1207 πάντα
984 1141 1108 1228 Ἰσραήλ.
1155 1148 1223 1220 υίὸς

162 1265 189 1304 ιο
202 1244 359 1326 τριάκοντα
381 1244 455 1306 ἐτῶν
472 1244 577 1306 ’Δαυίδ
599 1244 632 1305 ἐν
654 1250 694 1328 τῷ
718 1244 886 1323 βασιλεύειν
914 1245 1020 1326 αύτόν,
1048 1244 1099 1306 καί
1122 1244 1223 1325 ἐβασί-

101 1363 142 1403 ιεε
155 1361 187 1402 ετ
200 1345 303 1403 λευσεν
330 1342 381 1420 ἔτη
404 1340 445 1421 μ’.
491 1340 565 1403 ἀλλά
590 1351 643 1422 τής
671 1340 725 1421 μὲν
752 1343 907 1421 βασιλικῆς
934 1344 1055 1424 χρίσεως
1083 1342 1136 1403 διά
1159 1348 1222 1402 Σα-

202 1439 299 1518 μουηλ
329 1437 463 1519 ἠξιώθη,
494 1439 547 1513 τάς
574 1437 606 1500 δὲ
637 1449 691 1501 τού
722 1445 795 1501 λαού
823 1438 1031 1522 ἀναγορεύσεις
1058 1437 1078 1519 ή
1107 1442 1223 1524 ἱστορία

196 1537 309 1616 χρίσας
336 1534 509 1617 ἀδιαφόρως
535 1535 696 1616 ὠνόμασεν.
742 1537 915 1616 τελευτήσας
942 1538 1046 1599 τοίνυν
1068 1537 1166 1619 ἐτάφη
1190 1539 1222 1600 ἒν

202 1643 238 1717 τῇ
262 1633 346 1694 πόλει
362 1628 556 1715 Ἰερουσαλήμ
576 1634 619 1707 είς
636 1634 669 1696 τὸ
689 1633 825 1717 μέγιστον
845 1644 955 1715 μνήμα,
973 1631 990 1696 δ
1009 1637 1222 1698 κατεσκεύασεν
1301 1703 1302 1706 χ

161 1729 217 1793 ιτδ
242 1725 413 1808 σοφώτατος
442 1730 509 1804 υἱδς
536 1730 630 1793 αύτού
656 1731 803 1811 Σολομὼν
829 1732 910 1814 παρά
937 1732 988 1794 τδν
1016 1733 1141 1813 Σιλωὰμ
1169 1733 1222 1796 ἀν-
1301 1729 1302 1742 ’

197 1829 311 1910 Δτροόδες
338 1827 405 1909 ἕχον
437 1828 469 1890 τὸ
497 1839 594 1910 σχῆμα
626 1829 677 1890 διά
706 1831 825 1910 βάθους
854 1829 1114 1911 μεμηχανευμίνον
1146 1833 1223 1914 πρὸς

201 1925 233 1986 τὸ
266 1925 308 2005 μή
340 1926 504 2004 φαίνεσθαι
535 1925 586 1987 καὶ
617 1927 672 2006 τήν
705 1928 929 2007 Σολομεόντειον
962 1929 1075 2008 δηλοῦν
1108 1918 1222 2008 σοφίαν

200 2046 231 2084 τε
259 2022 311 2084 καλ
337 2022 540 2104 πολυτέλειαν,
572 2024 605 2086 ίν
631 2013 656 2108 ᾧ
680 2025 717 2104 δή
746 2024 796 2086 καλ
828 2027 1032 2108 συχκατύρυξε
1062 2032 1103 2110 τῷ
1131 2027 1222 2109 πατρὶ

201 2121 311 2194 πολλὰς
334 2122 480 2204 μυριάδας
502 2121 653 2183 ταλάντων
676 2122 809 2203 χρυσίου,
831 2124 936 2196 καθώς
957 2141 1051 2203 φησιν
1066 2117 1221 2203 Ἰοόσηπος.

155 2242 188 2281 ἐο
201 2218 251 2279 καί
274 2220 367 2299 δήλον
394 2219 427 2281 ἐκ
451 2229 511 2280 τῶν
532 2220 656 2302 ὕστερον
679 2219 855 2301 γενομένων.
902 2220 917 2284 δ
941 2221 1043 2302 χόρτοι
1070 2219 1223 2304 ἀρχιερεύς

197 2310 339 2398 Ὑρκανὸς
374 2317 628 2400 πολιορκουμένης
664 2328 716 2398 τῆς
750 2317 862 2392 πόλεως
894 2314 946 2380 ὑπ’
978 2314 1132 2398 Ἀντιόχου
1166 2329 1221 2380 τοῦ

201 2416 375 2496 Δημητρίου
398 2415 506 2488 παιδὸς
528 2414 649 2489 ἀνοίξας
667 2415 700 2477 τό
719 2424 822 2496 μνῆμα
839 2417 966 2478 τάλαντα
984 2417 1127 2497 τρισχίλια
1147 2416 1221 2478 ἐκεῖ·

200 2507 257 2572 θεν
280 2511 466 2593 ἐξεφόρησεν.
504 2515 576 2590 μεθ’
595 2509 631 2574 ὃν
649 2508 788 2595 Ἡρώδης
806 2513 898 2595 γνούς
916 2512 956 2586 ὡς
972 2508 1113 2594 Ὑρκανός
1130 2523 1220 2577 τοῦτο

200 2610 376 2689 πεποίηκεν,
403 2607 503 2688 ήνοιξε
530 2610 581 2671 καί
609 2610 698 2684 αύτός
725 2611 777 2674 τὸν
799 2611 912 2692 τάφον,
934 2611 984 2672 καλ
1007 2612 1141 2693 χρήματα
1165 2609 1221 2691 μὲν

272 2771 322 2824 31.
338 2743 437 2826 chron.
453 2777 495 2837 τε,
507 2778 549 2825 τε.
566 2805 598 2813 -
614 2779 630 2826 5
644 2773 678 2828 11.
689 2774 778 2844 Raegg.
789 2781 814 2842 ε,
825 2781 855 2840 ις
866 2779 891 2842 ε,
902 2779 925 2828 3.
942 2806 975 2813 -
992 2779 1096 2828 11-13
1111 2773 1219 2842 Thood.

199 2842 229 2896 in
248 2841 281 2896 H.
300 2842 521 2912 ReggQuaest.
543 2850 576 2897 15
599 2844 790 2914 MignoTom.
812 2850 859 2913 80,
879 2851 938 2900 608.
968 2877 1001 2885 -
1030 2850 1136 2914 13-μ.
1159 2852 1221 2914 188,

196 2913 427 3057 χρλεχέρρήιίληλ.
443 2913 507 2983 Vn,
521 2919 637 2985 392εηη.
667 2918 702 2984 cf.
722 2915 843 2986 Syncell.
863 2916 876 2968 I
892 2933 940 2988 μη.
957 2921 1021 2982 548,
1039 2921 1070 2970 17
1095 2916 1152 2971 Leo
1173 2916 1221 2972 Gr.
1300 3013 1302 3040 ἐ

272 3107 288 3154 2
340 3101 369 3174 υ]
380 3118 431 3156 σου
440 3101 468 3154 N
477 3112 528 3156 om.
540 3101 595 3154 ΕΒ.
607 3133 639 3140 -
656 3106 672 3154 3
683 3104 731 3156 καλ
741 3109 804 3157 ante
814 3101 920 3228 πλήρχχς
929 3120 979 3157 om.
990 3101 1024 3156 N.
1036 3134 1070 3142 -
1083 3107 1099 3155 6
1109 3105 1222 3228 χφβρῶν

201 3171 276 3226 CFH
314 3173 393 3226 P.—
413 3179 429 3227 8
449 3169 876 3246 καλχρίουσι-ὃχεβρδονοικ.
913 3173 1117 3228 FGLRsedin
1166 3181 1221 3230 αθ

195 3251 260 3313 post
274 3241 385 3314 Ἰσραὴλ
403 3245 483 3299 (τάδε
501 3245 550 3298 καλ
567 3243 697 3298 πάλιν-
709 3246 739 3300 ἐν
758 3245 874 3317 χεβρόιν,
895 3245 943 3299 καὶ
962 3242 1218 3318 χρίουσι-ἰούδα.

200 3347 233 3354 -
249 3320 265 3368 8
280 3317 320 3378 είς
332 3317 439 3387 χεβρὼυ
452 3317 567 3386 (χεβοῶν
579 3315 616 3385 Ν)
626 3314 679 3368 ΝΡ
699 3315 729 3370 ἐν
743 3317 850 3388 χεβρδου
861 3315 948 3370 BGV.
964 3349 997 3356 -
1016 3321 1031 3370 9
1046 3315 1086 3379 είς
1099 3332 1151 3370 om.
1168 3317 1222 3370 BF

201 3384 263 3438 GH.
281 3417 315 3426 —
333 3385 395 3448 υἱός
425 3389 474 3441 καλ
492 3381 528 3455 ἦν
537 3385 564 3455 L
583 3403 632 3440 om.
649 3385 704 3440 CF.
725 3419 759 3427 -
780 3392 812 3440 10
832 3386 953 3441 δδᾶδῦ
972 3387 1057 3441 δαυὶδ
1071 3403 1122 3441 om.
1133 3387 1168 3443 V.
1185 3419 1221 3428 -—

201 3461 234 3508 16
254 3456 324 3525 ἔχων
344 3456 393 3509 GL
430 3456 485 3510 PV.
505 3489 539 3496 —
558 3462 593 3510 20
612 3457 652 3519 είς
670 3456 785 3525 ὕστερον
803 3457 940 3512 BLMRV
959 3457 1103 3526 ἐσύστερον
1124 3458 1156 3512 G.

272 3592 289 3637 4
307 3588 356 3640 καλ
375 3596 438 3643 ουλε
456 3585 582 3662 εὐσεβείᾳ
600 3606 650 3644 om.
668 3591 697 3642 P.
