2617 3909
531 257 732 309 PRAEFATIO
1038 258 1141 309 XXXV

116 407 275 482 perierunt
296 406 345 464 vel
366 409 559 481 evanuerunt,
582 423 709 482 quorum
732 408 861 483 vestigia
883 406 1012 466 secunda
1033 425 1140 467 manus

114 514 153 554 ex
174 497 264 571 parte
282 512 337 555 auo
356 494 480 554 arbitrio
499 495 658 571 supplevit.
700 496 859 555 Praeterea
875 496 1027 556 mrissime
1045 515 1064 555 a
1081 496 1140 556 lec·

115 585 235 643 toribus
258 584 367 643 codicis
390 588 556 644 correctum
579 587 631 644 est.

183 673 377 733 Recentiores
407 674 477 732 libri
508 676 610 750 partes
641 692 710 732 cum
737 673 951 733 vebistioribus
980 694 1041 734 non
1068 677 1139 751 apte

114 763 285 822 cohaerent.
331 762 376 822 Ac
398 762 481 838 prior
503 781 573 839 pars
600 782 661 823 non
688 764 786 822 solum
813 762 852 822 ad
877 783 907 840 p.
928 766 1006 838 142,
1026 766 1060 838 3,
1086 764 1139 823 ubi

110 852 241 929 genuini
264 852 373 911 codicis
394 852 538 928 reliquias
561 853 691 929 incipere
715 870 806 928 supra
824 852 896 927 dixi,
918 850 969 913 sed
987 850 1138 930 usquead

114 940 284 1017 σοφώτατοι
307 961 335 1017 p.
356 942 429 1014 147,
446 943 463 999 7
483 941 621 1019 pertinet.
658 941 714 1000 list
733 942 828 1020 igitur
845 942 930 1001 locus
947 960 967 1000 a
984 962 1014 1019 p.
1031 944 1137 1017 142,3

114 1048 210 1106 usque
234 1030 274 1087 ad
291 1050 319 1105 p.
341 1032 415 1104 147,
432 1032 449 1087 7
469 1029 514 1089 bis
533 1033 782 1107 repraesentatus.
823 1031 896 1091 Post
916 1034 1051 1090 veterum
1069 1050 1138 1108 par·

114 1120 194 1177 tium
222 1118 311 1178 finem
335 1119 466 1179 maxima
487 1120 607 1196 imperii
629 1119 737 1179 Basilii
759 1119 929 1180 Macedonis
951 1139 1022 1197 pars
1046 1120 1138 1195 deest,

114 1209 357 1285 supplementum
376 1226 395 1267 a
411 1207 520 1268 Leonis
534 1208 578 1267 Vl
597 1209 716 1268 demum
733 1208 789 1267 filii
806 1208 890 1267 illius
908 1209 1027 1286 imperii
1049 1209 1137 1269 initio

113 1298 231 1373 incipit.
277 1297 335 1357 Hic
359 1297 439 1373 quod
461 1297 637 1357 inscribitur
653 1291 740 1377 Ἀρχὴ
763 1306 817 1375 τῆς
839 1297 988 1375 βασιλείας
1006 1295 1138 1370 Λέοντος

115 1390 147 1445 et
165 1388 274 1463 capitis
293 1405 433 1445 numerus
451 1387 542 1461 deest,
560 1387 629 1445 inde
648 1387 777 1447 efficitur
795 1388 926 1447 codicem
943 1388 1139 1465 archetypum

113 1475 286 1534 adhibitum
317 1493 381 1534 esse
411 1494 429 1533 a
462 1477 491 1535 V
516 1494 637 1552 prorsus
670 1476 827 1536 diversum.
878 1477 950 1535 Fuit
980 1477 1030 1535 hic
1061 1475 1138 1535 liber

113 1583 211 1640 aeque
230 1566 321 1640 atque
339 1564 408 1623 libri
425 1563 453 1623 G
471 1566 678 1641 supplementa
694 1566 843 1625 recentior
860 1568 950 1642 atque
970 1566 1030 1625 alio
1048 1566 1137 1625 modo

112 1653 322 1729 interpolatus.
364 1654 400 1711 In
422 1654 469 1713 his
492 1654 706 1731 posterioribus
729 1655 862 1715 chronici
884 1655 1020 1731 partibus
1043 1655 1137 1715 solius

113 1742 224 1802 Leonis
246 1742 291 1801 Vl
317 1744 476 1819 imperium
503 1743 621 1821 longius
650 1747 792 1802 narratur
822 1745 913 1819 idque
942 1746 1048 1803 iisdem
1075 1745 1137 1803 fere

113 1830 224 1906 verbiS,
249 1850 326 1907 quae
350 1832 429 1907 apud
452 1832 630 1891 Muraltium
652 1853 681 1910 p.
704 1835 840 1909 lbsssqq.
864 1833 1047 1892 exhibentur.
1087 1833 1136 1891 Ab

113 1921 300 1996 Alexandro,
329 1922 381 1996 qui
403 1922 490 1979 illum
513 1924 631 1981 secutus
655 1925 700 1981 est
724 1914 765 2003 (a.
785 1920 853 1982 chr.
878 1914 956 2003 911)
980 1940 1074 1999 usque
1098 1922 1136 1981 ad

113 2010 317 2086 Nicephorum
339 2010 531 2094 Botaniatem
555 2004 595 2093 (a.
616 2009 683 2070 chr.
706 2004 807 2093 1081)
832 2011 1048 2071 adumbrantur
1069 2013 1136 2071 tan-

113 2103 181 2158 tum
203 2099 334 2159 breviter
355 2100 491 2175 imperia,
515 2101 552 2159 ab
569 2100 676 2159 Alexio
696 2099 844 2159 Gomneno
867 2119 961 2176 usque
984 2100 1022 2158 ad
1038 2100 1136 2159 'Pheo-

114 2188 221 2247 (lorum
248 2187 419 2263 Lascurem,
447 2191 500 2265 qui
527 2189 603 2248 obiit
630 2208 656 2247 a.
682 2191 781 2264 1222,
808 2190 931 2247 nomina
956 2187 1079 2247 tantum
1106 2192 1137 2247 et

113 2278 310 2354 imperiorum
328 2278 408 2351 anni,
430 2278 467 2335 ab
486 2277 542 2337 hoc
561 2296 654 2354 usque
673 2278 711 2336 ad
730 2278 751 2335 J
752 2296 877 2337 oannem
897 2277 1136 2337 Cantacuzenum

114 2360 156 2448 (a.
179 2359 414 2447 1341-1355)
434 2366 497 2426 sola
515 2368 637 2425 nomina
657 2370 933 2443 commemorentur,
955 2366 1041 2425 iuxta
1059 2386 1136 2444 quae

107 2445 216 2533 'spatia
237 2456 354 2531 vacant,
380 2455 429 2514 ubi
451 2456 645 2531 imperiorum
668 2457 739 2515 anni
761 2458 867 2532 postea
887 2457 1091 2533 suppleantur.

182 2544 326 2604 Eiusdem
350 2544 452 2605 classis
480 2545 538 2605 duo
567 2546 702 2622 exempla
724 2549 794 2604 sunt
819 2548 986 2605 recentiora
1012 2546 1063 2604 sed
1091 2546 1136 2604 in·

113 2636 214 2713 tegra,
236 2633 402 2693 Vaticanus
426 2632 554 2693 Graecus
580 2636 643 2693 153
672 2637 703 2693 et
726 2633 955 2695 Holkhamensis
980 2636 1053 2694 296.
1099 2635 1136 2693 In

113 2728 243 2799 utroque
267 2721 370 2783 eadem
392 2725 494 2799 capita
521 2726 551 2783 et
572 2723 756 2802 paragraphi
779 2723 1018 2802 distinguuntm,
1045 2724 1136 2784 iidem

112 2814 173 2872 loci
196 2812 371 2889 interpolati
394 2816 473 2889 sunt,
497 2813 600 2873 eadem
623 2814 809 2873 continuatio
832 2815 963 2889 quaein
985 2813 1135 2873 veteribus

113 2902 223 2961 codicis
248 2900 431 2978 Vpartibus
454 2904 559 2961 exstat.

106 2980 109 2989 ’
181 2984 361 3052 Vaticanus
385 2984 526 3052 Graecus
550 2982 606 3052 153
632 2990 828 3067 bombycinus
854 2998 899 3051 est
922 2992 1034 3051 saeculi
1059 2984 1135 3073 XIII

109 3080 258 3140 'foliorum
283 3098 407 3139 numero
431 3083 509 3156 221,
536 3100 567 3139 re
598 3082 676 3154 211,
703 3083 818 3140 numeri
846 3082 924 3140 enim
949 3082 1012 3139 102
1038 3096 1134 3157 usque

114 3170 151 3229 ad
173 3172 235 3228 111
258 3168 373 3245 desunt,
397 3168 511 3229 duabus
530 3170 677 3229 columnis
695 3173 832 3248 scriptus.
873 3170 995 3248 Integer
1013 3171 1058 3229 est
1075 3170 1134 3229 nisi

108 3255 195 3335 'quod
213 3260 283 3335 post
301 3258 408 3317 folium
428 3260 491 3317 215
512 3259 621 3317 excidit
639 3259 754 3333 folium,
777 3280 836 3336 quo
855 3260 939 3318 locus
960 3278 978 3317 a
996 3256 1135 3337 τοιαύτης

114 3344 145 3407 δὲ
168 3345 347 3426 προφάσεως
368 3368 397 3423 p.
418 3348 495 3423 819,
517 3350 558 3408 10
581 3348 658 3406 Mur.
680 3367 773 3424 usque
802 3348 841 3406 ad
867 3351 1034 3425 πολεμικῶν
1059 3346 1135 3407 κατὰ

113 3458 142 3513 p.
163 3438 272 3512 824,1
294 3436 509 3495 continebatur.
546 3437 711 3495 Multarum
729 3436 907 3515 pagiuarum
928 3438 1051 3496 summis
1069 3456 1134 3496 ver·

112 3526 195 3585 sibus
220 3543 301 3601 aqna
323 3528 368 3584 ita
390 3528 507 3602 nocuit,
536 3528 571 3585 ut
593 3527 653 3603 legi
676 3528 726 3584 vix
748 3526 872 3601 possint.
918 3526 1046 3584 Textum
1066 3545 1134 3601 per-

107 3615 212 3674 ditum
243 3615 391 3674 recentior
422 3633 527 3674 manus
560 3614 724 3691 suppleuit,
760 3633 856 3689 neque
893 3616 993 3671 tamen
1023 3614 1132 3672 veteris

940 3708 974 3763 οἱ
