2617 3909
552 261 742 313 xpomon
1112 259 1155 324 35

136 408 251 486 ταύτην
278 406 349 487 μετὰ
375 407 431 487 τὴν
453 409 550 487 νίκην.
594 406 645 468 καλ
671 406 727 489 γάρ
755 407 955 489 αἰχμαλώτους
981 407 1081 489 λαβὼν
1103 408 1155 484 τάς

135 503 306 587 θυγατέρας
332 507 462 588 Δαρείου
492 504 735 588 μαρτυρουμένας
766 505 841 586 ἔχειν
872 507 979 580 κάλλος
1009 505 1154 581 ἀξιοθαύ-

137 621 251 683 μαστον
279 601 349 665 οὐδὲ
375 605 528 687 προσιδεῖν
552 602 692 684 ἠξίωσεν,
722 603 844 685 αἰσχρὸν
871 603 921 665 καὶ
948 605 1014 666 λίαν
1040 601 1152 667 άτοπόν

137 723 170 762 τε
187 700 238 762 καλ
256 700 469 783 καταγέλαστον
487 695 564 764 εἶναι
581 702 682 780 φήσας
698 700 750 762 τὸν
766 697 878 783 άνδρας
895 699 1039 784 ἀνδρείως
1053 725 1154 786 χειρω-

135 799 268 878 σάμενον
289 799 350 860 άπὸ
372 809 523 881 γυναικῶν
545 797 659 872 ἀθλίως
681 795 858 880 ἡττηθῆναι.
1180 819 1193 861 ο

196 891 252 970 ’Ός
278 919 310 979 γε
341 896 392 959 καλ
424 896 505 980 μέχρι
534 906 593 958 τῶν
620 895 785 958 ἐνδοτάτων
809 891 911 958 Ἰνδῶν
943 897 992 958 καλ
1019 907 1073 960 τοῦ
1100 922 1153 960 κν-

136 999 281 1068 κλοῦντος
303 1003 403 1057 πᾶσαν
420 995 475 1074 τὴν
493 1004 551 1077 γῆν
568 991 702 1056 ὠκεανοῦ
726 995 852 1076 μεγάλου
875 1005 1009 1074 ποταμοῦ
1031 995 1082 1057 καλ
1100 1005 1155 1076 τῆς

136 1093 276 1173 μεγίστης
298 1092 395 1172 νήσου
417 1102 477 1153 τῶν
497 1092 682 1174 Βραχμάνων
705 1091 839 1170 φθάσας,
861 1084 904 1153 ὧν
926 1091 977 1154 καλ
999 1091 1051 1155 τὸν
1074 1100 1152 1155 θαυ-

136 1189 246 1269 μάτων
272 1188 323 1252 καλ
348 1187 423 1272 όττλρ
445 1188 611 1272 άνθρωπον
633 1190 703 1270 βίον
730 1189 780 1252 καλ
807 1189 862 1269 τήν
890 1191 932 1265 είς
953 1190 1006 1252 τὸν
1032 1191 1153 1252 πάντων

135 1289 212 1351 θεόν
234 1286 386 1369 εὐσέβειάν
408 1311 438 1350 τε
464 1287 515 1350 καλ
541 1289 676 1369 λατρείαν
698 1287 880 1368 μεμαθηκὼς
903 1287 1044 1370 ἐξεπλάγη
1071 1289 1152 1350 πάνυ
1167 1312 1193 1350 ιο

133 1386 186 1448 καλ
209 1384 332 1468 ἠγάσθη
353 1395 406 1467 τῆς
423 1394 483 1448 τῶν
500 1384 620 1468 ἀνδρῶν
638 1385 759 1448 ἐκείνων
781 1385 944 1469 ἀκροτάτης
961 1387 1150 1464 φιλοσοφίας.
1166 1401 1191 1440 26
1204 1399 1236 1442 Μ

134 1483 169 1545 ἕν
192 1472 315 1570 ᾧτόπηο
336 1482 388 1546 καλ
410 1483 520 1563 στήλην
543 1483 652 1562 στήσας
674 1481 854 1565 ἐπέγραψεν·
882 1483 939 1566 ἐγὼ
964 1482 1054 1566 μέγας
1072 1476 1151 1544 Ἀλέ-

134 1580 262 1663 ξανδρος
289 1581 427 1662 βασιλεὺς
453 1580 574 1660 λ’φθασα
597 1580 679 1663 μέχρι
701 1583 815 1644 τούτου.
860 1581 893 1644 ἐν
916 1581 1013 1667 ἐκείνη
1036 1581 1092 1664 γάρ
1114 1591 1150 1666 τή

133 1679 219 1766 νήσρο
250 1688 442 1742 κατοικοῦσιν
473 1681 506 1740 οί
531 1679 683 1761 λεγόμενοι
710 1679 892 1762 Μακρόβιοι.
939 1682 1008 1754 ζῶσι
1039 1679 1095 1761 γάρ
1123 1681 1155 1741 οἱ

134 1779 257 1852 πλείους
279 1778 377 1840 αὐτῶν
400 1776 468 1859 περὶ
490 1776 525 1838 τά
543 1775 593 1860 ρν’
611 1776 661 1856 ἔτη
684 1776 735 1838 διὰ
752 1777 807 1857 τήν
825 1777 939 1858 πολλήν
960 1777 1151 1857 καθαρότητα
1166 1801 1191 1843 ιτ

133 1874 186 1937 καλ
209 1874 368 1957 εὐκρασίαν
390 1885 444 1937 τοῦ
466 1874 552 1958 άέρος
574 1874 625 1937 καλ
646 1873 876 1958 ἀνεξερεύνητον
898 1881 974 1938 θεοῦ
996 1877 1096 1958 κρίμα,
1119 1875 1151 1936 ἕν

133 1962 156 2060 ᾖ
177 1974 268 2034 πάλιν
291 1972 431 2035 οὐδέποτε
460 1971 562 2055 ὀπώρα
588 1974 715 2034 παντοία
741 1975 832 2035 λείπει
858 1973 911 2035 τὸν
938 1973 1008 2035 όλον
1034 1972 1151 2056 χρόνον,

133 2071 237 2152 ἐπειδή
264 2070 320 2153 γάρ
347 2070 380 2133 ἐν
401 2070 498 2157 ταύτῷ
525 2069 546 2151 ή
569 2069 623 2150 μὲν
645 2069 749 2151 ἀνθεῖ,
777 2068 853 2150 ἡδὲ
878 2068 1047 2151 ὀμφακίξει,
1074 2067 1095 2149 ή
1119 2069 1151 2131 δὲ

133 2179 286 2252 τρυγᾶται,
308 2171 361 2230 καί
378 2191 410 2251 γε
432 2167 483 2231 καλ
505 2169 540 2230 τά
561 2166 680 2250 μέγιστα
695 2164 805 2231 Ἰνδικά
827 2169 959 2251 γίνονται
981 2170 1077 2250 κάρνα
1099 2167 1150 2228 καλ

133 2266 171 2329 τά
188 2267 370 2349 δυσπόριστα
387 2263 461 2347 ἡμῖν
484 2266 534 2327 καλ
552 2265 755 2348 πανεττίραστα
772 2264 912 2348 άράματα
934 2264 1018 2328 καλό
1037 2266 1190 2347 μαγνή-το

133 2389 188 2444 της
210 2366 305 2438 λίθος.
352 2366 384 2426 οἱ
402 2366 506 2426 τοίνυν
529 2365 701 2447 Βραγμάναι
724 2363 815 2438 ἔθνος
840 2363 918 2426 ἐστὶν
943 2362 1150 2444 εὐσεβέστατον

133 2461 185 2524 καὶ
199 2463 266 2542 βίον
280 2460 433 2541 άπτήμονα
451 2462 569 2545 σφόδρα
586 2460 765 2541 κεκτημένον
782 2460 900 2524 καὶτὸν
916 2466 1027 2544 κλῆρον
1044 2470 1150 2523 τοῦτον

133 2560 168 2623 ἐκ
190 2569 249 2621 τῶν
271 2569 324 2622 τοῦ
346 2566 422 2621 θεοῦ
444 2561 594 2643 κριμάτων
615 2559 844 2640 κληρωσάμενον
871 2560 921 2622 καλ
947 2559 1002 2640 τήν
1024 2569 1077 2622 τοῦ
1095 2582 1149 2621 πο-

134 2668 230 2737 ταμοῦ
247 2659 416 2741 παροικίαν,
434 2657 467 2720 ἐν
484 2657 646 2740 γυμνότητι
665 2667 799 2736 φυσικῶς
818 2659 926 2732 διαζῶν
943 2657 989 2719 άελ
1007 2656 1149 2720 τὸνθεόν

208 2826 263 2875 6-
266 2839 296 2891 p
316 2826 359 2887 36,
375 2825 408 2874 16
426 2820 597 2890 Εαοττριανι
614 2838 649 2876 τα·
662 2818 785 2874 Palladii
800 2820 869 2876 λῶτο
885 2820 921 2873 de
934 2819 1148 2889 Βτοςταιιαίοαε

245 2944 417 3014 γυναικὸςΙι
440 2951 465 3000 αλ
482 2945 508 2999 V
527 2963 561 2999 m.
580 2948 601 3000 2
622 2947 654 2999 τ’νι
678 2946 735 3000 loco
757 2945 940 3000 evanidw-
970 2949 1003 2997 15
1027 2942 1075 3000 διά
1097 2943 1149 3013 τὴν

133 2965 318 3086 καθαρότητα
343 3016 394 3085 τήν
422 3015 526 3085 πολλὴν
553 3017 602 3070 καλ
629 3015 681 3085 τήν
703 3025 753 3071 τοῦ
776 3013 858 3084 άέρος
881 3011 1034 3084 εὐκρασίαν
1056 3013 1090 3067 Ν.
1113 3045 1147 3054 -

135 3093 169 3142 16
192 3089 242 3143 καλ
264 3087 296 3142 τὸ
315 3087 428 3153 άνεξ..
441 3107 504 3155 .κρ.
523 3085 598 3143 BEV
625 3089 675 3141 καλ
692 3086 727 3142 τὰ
749 3090 848 3141 τοῦθ.
867 3085 1068 3176 άνεξερεάνητα
1086 3083 1148 3153 κρί-

133 3159 306 3230 μ.-αταΙι
272 3166 375 3212 τ-οῦ
393 3161 466 3213 θεοῦ
489 3156 683 3213 Oma-
707 3167 791 3228 κρῖμα
809 3156 922 3212 ΑΗ.-
943 3162 976 3210 19
995 3153 1044 3210 καί
1062 3175 1093 3226 γε
1111 3155 1147 3210 τά

133 3180 219 3285 BFN.
232 3261 267 3272 -
282 3234 316 3282 20
329 3227 472 3298 πανεσπίρ
473 3246 544 3284 αστα
557 3229 581 3284 P
594 3237 619 3285 et
632 3237 665 3286 ατ
677 3231 731 3285 vid.
746 3247 780 3284 m.
791 3229 849 3283 1B.
865 3259 899 3268 —
913 3226 1039 3297 μαγνήτη
1041 3226 1146 3292 ςΟΙλΙι

132 3320 167 3356 τι.
186 3304 206 3356 2
224 3320 359 3391 μαγνιτης
375 3249 498 3354 DFLPV
517 3309 651 3371 μαγνήτις
670 3301 753 3372 (-ήτις
769 3299 826 3370 Η)
816 3297 902 3354 BGH
920 3319 975 3369 μαγ
977 3248 1091 3363 νίτιςΑ.
1112 3329 1146 3339 -

133 3379 167 3426 21
191 3371 353 3462 βραγμάναι
370 3369 497 3426 AODLP
543 3372 683 3464 ραγμάνες
704 3371 788 3426 BGR
815 3361 971 3442 βραγμᾶνες
989 3370 1015 3424 V
1029 3370 1104 3424 Suid.
1122 3387 1146 3426 ο

133 3443 264 3534 Quill&
282 3441 458 3535 βλακμᾱναιτ
474 3443 496 3496 F
515 3374 569 3516 ἔρα
587 3443 673 3515 μάνοι
690 3442 779 3498 H.—
801 3447 907 3496 22-23
926 3460 990 3496 κεκτ
990 3439 1140 3511 η...μίνοι

133 3513 342 3585 κληρωσάμενον
359 3514 540 3585 (χρησάμενοι
558 3465 627 3586 λάμ.
639 3517 804 3579 ,διαζῶντες
822 3514 948 3582 (διαζῶσι
966 3512 1000 3583 R)
1019 3511 1075 3566 BR.

206 3639 410 3711 βραγμανῶν
427 3639 511 3695 Ρ
532 3645 565 3694 18
585 3639 645 3694 ἐπελ
664 3638 716 3708 γὰρ
734 3637 763 3691 P.

953 3725 987 3778 3*
