2617 3909
517 251 707 303 nomon
1057 250 1124 316 205

105 397 316 479 προστάγματα
338 395 358 458 δι
380 396 567 477 ἐνετειλάμην
595 415 657 478 σοι,
685 399 874 482 διαρρήσσων
897 399 1045 482 διαρρήξοο
1068 399 1125 480 τὴν
1181 407 1183 416 ’

105 497 261 578 βασιλείαν
287 494 320 557 ἐκ
350 496 445 578 χειρός
473 513 530 558 σον
557 494 607 557 καλ
634 497 720 559 δώσω
748 497 844 577 αὐτὴν
870 504 910 583 τῷ
934 498 1032 582 δούλῳ
1059 515 1123 558 σον.

105 593 187 674 πλὴν
209 593 243 655 ἐν
265 599 329 668 ταῖς
351 591 476 676 ἡμέραις
498 612 554 656 σον
576 603 663 656 τοῦτο
687 595 724 658 οὐ
746 595 862 675 ποιήσω
885 595 936 657 διὰ
955 594 1055 657 Δανλδ
1072 595 1125 656 τὸν

106 691 218 755 δοῦλόν
241 715 301 771 μον
323 690 373 754 καλ
395 690 507 773 πατέρα
529 709 585 754 σον
607 691 659 753 καλ
681 693 731 754 διὰ
750 687 941 776 Ἰερουσαλὴμ
963 694 1019 774 τὴν
1037 694 1124 756 πόλιν

68 854 73 862 ,
107 813 179 870 μου,
201 787 241 870 ἣν
264 789 445 870 ἐξελεξάμην.
490 788 542 851 καλ
561 788 660 873 ἤγειρε
682 792 785 874 κάρτος
807 795 846 878 τῷ
864 791 1009 872 Σολομὼν
1032 791 1124 853 σατδιν
1152 812 1164 852 τ

99 888 192 971 ’Ἄδερ
214 887 267 950 τδν
282 884 451 968 Ἰδονμαῖον
474 888 526 950 καλ
543 890 596 952 τδν
613 884 776 973 Ἀδρααζδιρ
797 889 918 972 βασιλέα
935 891 1052 972 Σονβά,
1074 888 1125 950 καλ

106 979 187 1066 ἦσαν
209 992 249 1072 τῷ
266 982 383 1068 Ἰσραὴλ
405 986 498 1048 σατὰν
515 987 613 1061 τιάσας
630 987 683 1061 τάς
704 985 816 1070 ἡμέρας
838 993 1042 1068 Σολομῶντος.
1075 986 1126 1049 καλ

106 1083 243 1147 άιτέθανε
257 1083 403 1165 Σολομὼν
417 1083 490 1146 ἐτῶν
505 1081 554 1166 (ιγ’
567 1084 618 1146 καλ
631 1085 726 1165 ἐτάφη
741 1085 812 1166 μετὰ
829 1095 882 1148 τοῦ
900 1087 1010 1167 πατρὸς
1024 1086 1125 1148 αὐτοῦ.

106 1178 160 1263 ἐφ’
185 1176 222 1245 οδ
246 1174 433 1266 ἦν’Όμηρος
455 1182 506 1245 καλ
523 1178 663 1256 Ἡσίοδος
685 1185 718 1245 οἱ
737 1182 828 1263 σοφοί
850 1179 922 1266 παρ’
939 1179 1089 1263 Ἕλλησιν.

173 1276 335 1343 Ἐντεῦθεν
356 1282 471 1362 τοίνυν,
493 1281 685 1362 Θεοδώρητός
707 1298 811 1364 φησιν,
835 1281 1036 1363 ἐδιδάχθημεν
1054 1281 1126 1342 ὅσον
1141 1301 1166 1341 1⁰

107 1378 247 1459 ὀνίνησιν
269 1377 290 1458 ἡ
312 1390 372 1441 τῶν
394 1379 552 1461 προγόνων
579 1377 721 1460 εὐσέβεια.
766 1378 898 1461 ἀνέχεται
920 1378 976 1462 γάρ
998 1377 1050 1440 καλ
1071 1399 1126 1441 τιο-

107 1487 212 1561 νηρῶν
235 1476 252 1540 δ
275 1478 491 1560 φιλάνθρωπος
512 1478 617 1560 κάρτος
637 1487 690 1556 τῆς
708 1487 767 1540 τῶν
785 1476 1004 1560 κατοιχομένων
1021 1475 1127 1561 ἀρετῆς

108 1575 305 1657 μεμνημένος.
350 1575 429 1655 πλὴν
461 1569 517 1637 οὖν
554 1574 699 1658 ἐδρέψατο
734 1585 860 1658 μερικῶς
891 1575 942 1638 καλ
972 1575 1043 1648 τοὺς
1074 1584 1127 1654 τῆς

108 1673 245 1756 ἀσεβείας
266 1674 400 1755 καρττοδς
422 1673 547 1747 ἐνδίκως
569 1673 650 1755 τταρδι
672 1683 725 1754 τῆς
747 1675 834 1748 θείας
857 1675 951 1755 δίκης.
997 1671 1052 1747 ἕως
1072 1671 1127 1753 μὲν
1196 1683 1200 1690 “

107 1771 166 1855 γάρ
188 1781 242 1852 τῆς
259 1770 380 1834 άνωθεν
397 1770 532 1850 άττήλανε
550 1773 747 1854 προμηθείας,
769 1771 802 1834 ἐν
819 1772 924 1856 εἰρήνη
942 1771 993 1833 καλ
1010 1772 1125 1856 γαλήνη
1141 1791 1167 1832 ιο

109 1871 194 1952 διῆγε
217 1869 330 1943 πάντας
352 1869 427 1950 ἔχων
448 1868 664 1950 δτιοκειμένονς
686 1869 736 1931 καλ
758 1869 872 1950 δασμὸν
890 1870 1064 1950 κομίζοντας
1082 1869 1127 1931 δτι

109 1967 242 2048 μάλιστα.
287 1966 389 2047 ἐπειδὴ
414 1965 446 2029 δέ
468 1968 578 2047 ταύτης
601 1967 774 2049 ἐγυμνώθη,
797 1973 859 2041 τοῖς
881 1966 1056 2049 δυσμενέσιν
1078 1967 1128 2030 εὐ-

108 2065 291 2146 επιχείρητος
321 2062 449 2146 γέγονεν.
495 2063 619 2144 άληθῶς
648 2063 742 2138 ὅντως
769 2065 900 2148 φοβερὸν
931 2064 964 2126 τδ
991 2065 1127 2145 ἐμττεσεῐν

109 2163 154 2236 είς
175 2168 273 2243 χεῖρας
295 2167 371 2224 θεοῦ
395 2165 510 2236 ζῶντος.
557 2161 654 2242 ὥσπερ
676 2161 732 2244 γὰρ
755 2160 772 2224 δ
793 2162 873 2236 ἕλεος
895 2160 1031 2244 άρρητος,
1050 2163 1127 2224 οὕτω

108 2258 130 2340 ἡ
162 2259 282 2333 κόλασις
318 2258 529 2334 ἀνυπόστατος.
575 2260 620 2322 δτι
651 2257 684 2321 δέ
715 2264 777 2333 τοῖς
812 2259 944 2332 εἰδώλοις
976 2258 1128 2343 ἐλάτρενσε
1142 2279 1168 2318 το
1231 2345 1232 2348 ¹

108 2359 292 2436 καταλείψας
313 2357 366 2419 τδν
388 2357 481 2432 ὅντως
504 2356 576 2419 ὄντα
598 2356 674 2419 θεὸν
696 2366 749 2419 τοῦ
772 2355 883 2439 πατρὸς
905 2356 998 2418 αὐτοῦ
1019 2358 1127 2438 Δαολδ,

109 2453 239 2536 εὔδηλον
262 2455 292 2529 ἐξ
315 2447 358 2517 ὧν
380 2455 428 2518 καλ
449 2450 548 2538 Ἀχίας
570 2454 587 2518 δ
609 2454 768 2537 προφήτης
789 2455 849 2536 ἔφη
872 2454 947 2538 ιτρδς
969 2443 1022 2518 τὸν
1039 2450 1127 2538 Ἱερο-

109 2587 327 2598 .-.-.-—-—--

35 2714 38 2720 .
183 2670 199 2718 9
213 2664 248 2732 cf.
259 2664 315 2718 Leo
323 2662 446 2718 Gramm.
454 2680 482 2732 μ.
493 2669 537 2732 32,
548 2668 590 2718 18.
600 2695 636 2704 -
651 2667 757 2718 10-14
766 2662 933 2718 Theodoret.
944 2662 975 2717 in
981 2663 1015 2718 Π.
1023 2663 1126 2718 Parall.

114 2735 213 2805 Migne
234 2735 312 2789 Tom.
337 2740 384 2800 80,
408 2735 503 2789 840A.
526 2766 563 2775 —
591 2740 705 2789 14-18
733 2733 899 2790 Theodoret.
922 2735 953 2788 in
971 2735 1017 2790 111.
1038 2735 1126 2806 Regg.

111 2807 225 2873 Quwst.
245 2811 279 2860 36
293 2808 341 2874 fin.
365 2804 628 2876 Mignow..⁷010.
652 2837 687 2847 —
712 2811 745 2861 18
763 2805 847 2861 Hebr.
869 2811 915 2874 10,
932 2813 975 2862 31.
1000 2839 1035 2847 -
1057 2812 1127 2861 20-

108 2896 138 2948 p.
154 2883 246 2945 206,6
267 2877 433 2932 Theodorou
453 2878 488 2932 ιλ).
510 2877 622 2943 Quaest.
638 2883 673 2932 37
692 2877 788 2948 Migne
808 2878 900 2933 704A.
926 2879 961 2946 cf.
975 2877 1021 2932 ΠΙ.
1037 2878 1127 2949 Regg.
1215 2907 1217 2912 ·

112 2955 156 3017 11,
171 2955 212 3004 οι.

184 3105 200 3153 2
220 3095 365 3172 βασιλείαν
384 3116 434 3155 σον
453 3099 510 3153 BF.
534 3131 569 3140 —
593 3099 624 3155 ἐκ
642 3109 698 3156 τῶν
716 3108 817 3170 χειρῶν
836 3116 887 3153 σον
906 3099 965 3153 RV.
986 3131 1019 3140 -—
1043 3104 1059 3152 5
1079 3116 1128 3154 σα-

111 3175 143 3226 λο
171 3180 205 3225 ’ν
219 3172 283 3242 (-διν
297 3171 328 3242 Ρ)
343 3169 443 3225 DFLP
462 3174 616 3261 σαλομῶντι
629 3171 656 3225 V
677 3174 834 3240 σαλαμῶντι
849 3169 882 3223 R.
898 3201 934 3211 -
951 3178 1040 3225 οατᾶν
1059 3169 1127 3239 άδερ

110 3243 136 3298 Β
181 3242 233 3297 RV
251 3240 408 3311 οατανάδερ
427 3240 448 3296 C
471 3260 560 3297 σαταν
578 3260 629 3297 om.
649 3241 682 3296 G.
701 3273 737 3282 —
760 3247 776 3296 6
794 3239 919 3310 άδραζάρ
938 3240 986 3294 FR
1003 3247 1029 3295 et
1046 3240 1068 3294 L
1087 3242 1127 3296 lit.

111 3331 147 3370 ex
164 3313 336 3382 άνδρααζδιρ.
361 3346 395 3355 -
418 3314 508 3385 σοαβᾶ
526 3311 683 3368 BOFGLN
706 3311 777 3386 σοβά
794 3313 827 3365 R.
852 3344 885 3353 -
910 3317 925 3366 ⁷
945 3319 1034 3366 σατᾶν
1051 3311 1127 3366 BOF

112 3385 194 3439 mv.
215 3417 249 3425 -
269 3390 301 3438 12
320 3383 546 3456 κατοιχοομένων
564 3383 612 3439 PG
631 3382 848 3456 κατηχονμένων
867 3381 930 3438 ΟΜ.
949 3415 983 3424 -
1004 3389 1036 3437 19
1055 3381 1127 3440 οὕτω

112 3457 162 3511 καλ
180 3455 198 3525 ἡ
218 3456 297 3511 codd.
315 3462 425 3525 praeter
441 3455 529 3510 BGP.
553 3488 589 3498 —
612 3462 645 3509 22
665 3455 748 3528 άχιάις
767 3457 825 3526 (οἷς
843 3454 878 3526 Β)
897 3453 952 3509 GR
973 3453 1077 3526 άχαίας
1094 3455 1127 3512 V.

186 3638 202 3687 6
217 3634 402 3703 ίοαδοαμαίον
415 3633 445 3688 P.
460 3665 496 3674 -
511 3639 545 3688 10
559 3633 629 3704 φησὶ
641 3634 820 3704 θεοδάρητος
833 3633 863 3688 Ρ.
884 3666 909 3674 -
927 3639 960 3688 12
975 3634 1023 3688 καλ
1035 3641 1085 3704 της
1097 3634 1129 3691 P.
