<?xml version="1.0" encoding="UTF-8"?>
<!DOCTYPE html PUBLIC "-//W3C//DTD XHTML 1.0 Transitional//EN"
    "http://www.w3.org/TR/xhtml1/DTD/xhtml1-transitional.dtd">
<html xmlns="http://www.w3.org/1999/xhtml" xml:lang="en" lang="en">
 <head>
  <title>
</title>
<meta http-equiv="Content-Type" content="text/html;charset=utf-8" />
  <meta name='ocr-system' content='tesseract 3.04.00' />
  <meta name='ocr-capabilities' content='ocr_page ocr_carea ocr_par ocr_line ocrx_word'/>
</head>
<body>
  <div class='ocr_page' id='page_1' title='image "./georgiimonachic01boorgoog_0097.png"; bbox 0 0 2617 3909; ppageno 0'>
   <div class='ocr_carea' id='block_1_1' title="bbox 567 225 1162 291">
    <p class='ocr_par' dir='ltr' id='par_1_1' title="bbox 567 225 1162 291">
     <span class='ocr_line' id='line_1_1' title="bbox 567 225 1162 291; baseline 0.007 -12"><span class='ocrx_word' id='word_1_1' title='bbox 567 225 756 280; x_wconf 83' lang='lat' dir='ltr'>XPONIKON</span> <span class='ocrx_word' id='word_1_2' title='bbox 1142 226 1162 291; x_wconf 90' lang='grc'>9</span> 
     </span>
    </p>
   </div>
   <div class='ocr_carea' id='block_1_2' title="bbox 151 368 1242 2607">
    <p class='ocr_par' dir='ltr' id='par_1_2' title="bbox 151 368 1242 2607">
     <span class='ocr_line' id='line_1_2' title="bbox 222 368 1165 456; baseline 0.001 -21"><span class='ocrx_word' id='word_1_3' title='bbox 222 373 297 456; x_wconf 81' lang='grc' dir='ltr'><strong><em>Περί</em></strong></span> <span class='ocrx_word' id='word_1_4' title='bbox 320 368 356 437; x_wconf 71' lang='grc' dir='ltr'><strong><em>οὗ</em></strong></span> <span class='ocrx_word' id='word_1_5' title='bbox 380 373 478 454; x_wconf 64' lang='grc' dir='ltr'><strong><em>μέντοι</em></strong></span> <span class='ocrx_word' id='word_1_6' title='bbox 501 374 550 436; x_wconf 84' lang='grc' dir='ltr'><strong><em>καί</em></strong></span> <span class='ocrx_word' id='word_1_7' title='bbox 574 374 589 437; x_wconf 89' lang='grc' dir='ltr'><strong><em>δ</em></strong></span> <span class='ocrx_word' id='word_1_8' title='bbox 613 374 703 456; x_wconf 84' lang='grc' dir='ltr'><strong><em>μίγας</em></strong></span> <span class='ocrx_word' id='word_1_9' title='bbox 724 374 875 449; x_wconf 74' lang='grc' dir='ltr'><strong><em>Βασίλειός</em></strong></span> <span class='ocrx_word' id='word_1_10' title='bbox 898 392 1005 454; x_wconf 79' lang='grc' dir='ltr'><strong><em>φησιν·</em></strong></span> <span class='ocrx_word' id='word_1_11' title='bbox 1031 375 1165 437; x_wconf 79' lang='grc' dir='ltr'><strong><em>ἐκδικοῦ-</em></strong></span> 
     </span>
     <span class='ocr_line' id='line_1_3' title="bbox 156 471 1166 557; baseline 0 -24"><span class='ocrx_word' id='word_1_12' title='bbox 156 494 229 551; x_wconf 78' lang='grc' dir='ltr'><strong><em>μενα</em></strong></span> <span class='ocrx_word' id='word_1_13' title='bbox 252 471 298 552; x_wconf 85' lang='grc' dir='ltr'><strong><em>δέ,</em></strong></span> <span class='ocrx_word' id='word_1_14' title='bbox 326 474 381 535; x_wconf 79' lang='grc' dir='ltr'><strong><em>εἴτε</em></strong></span> <span class='ocrx_word' id='word_1_15' title='bbox 404 472 439 534; x_wconf 84' lang='grc' dir='ltr'><strong><em>τὰ</em></strong></span> <span class='ocrx_word' id='word_1_16' title='bbox 461 472 541 555; x_wconf 81' lang='grc' dir='ltr'><strong><em>παρὰ</em></strong></span> <span class='ocrx_word' id='word_1_17' title='bbox 564 479 604 557; x_wconf 77' lang='grc' dir='ltr'><strong><em>τῷ</em></strong></span> <span class='ocrx_word' id='word_1_18' title='bbox 626 474 707 533; x_wconf 88' lang='grc' dir='ltr'><strong><em>Κάϊν</em></strong></span> <span class='ocrx_word' id='word_1_19' title='bbox 729 471 921 555; x_wconf 76' lang='grc' dir='ltr'><strong><em>ἡμαρτημένα</em></strong></span> <span class='ocrx_word' id='word_1_20' title='bbox 942 472 1050 555; x_wconf 82' lang='grc' dir='ltr'><strong><em>λέγοις,</em></strong></span> <span class='ocrx_word' id='word_1_21' title='bbox 1077 471 1166 555; x_wconf 74' lang='grc' dir='ltr'><strong><em>εὑρή-</em></strong></span> 
     </span>
     <span class='ocr_line' id='line_1_4' title="bbox 154 567 1165 693; baseline 0.001 -63"><span class='ocrx_word' id='word_1_22' title='bbox 154 586 215 643; x_wconf 85' lang='grc' dir='ltr'><strong><em>σεις</em></strong></span> <span class='ocrx_word' id='word_1_23' title='bbox 237 569 323 651; x_wconf 76' lang='grc' dir='ltr'><strong><em>ἑπτά,</em></strong></span> <span class='ocrx_word' id='word_1_24' title='bbox 350 571 405 632; x_wconf 78' lang='grc' dir='ltr'><strong><em>εἴτε</em></strong></span> <span class='ocrx_word' id='word_1_25' title='bbox 432 570 467 631; x_wconf 80' lang='grc' dir='ltr'><strong><em>τὰ</em></strong></span> <span class='ocrx_word' id='word_1_26' title='bbox 494 570 582 693; x_wconf 79' lang='grc' dir='ltr'><strong><em>πμρδι</em></strong></span> <span class='ocrx_word' id='word_1_27' title='bbox 596 580 648 633; x_wconf 92' lang='grc' dir='ltr'><strong><em>τοῦ</em></strong></span> <span class='ocrx_word' id='word_1_28' title='bbox 671 572 790 632; x_wconf 77' lang='grc' dir='ltr'><strong><em>δικαίου</em></strong></span> <span class='ocrx_word' id='word_1_29' title='bbox 812 580 914 652; x_wconf 79' lang='grc' dir='ltr'><strong><em>κριτοῦ</em></strong></span> <span class='ocrx_word' id='word_1_30' title='bbox 938 567 984 632; x_wconf 85' lang='grc' dir='ltr'><strong><em>ἐπ’</em></strong></span> <span class='ocrx_word' id='word_1_31' title='bbox 1005 570 1085 654; x_wconf 77' lang='grc' dir='ltr'><strong><em>αὐτῷ</em></strong></span> <span class='ocrx_word' id='word_1_32' title='bbox 1104 567 1165 652; x_wconf 89' lang='grc' dir='ltr'><strong><em>δρι</em></strong></span> 
     </span>
     <span class='ocr_line' id='line_1_5' title="bbox 154 632 1165 753; baseline 0.001 -25"><span class='ocrx_word' id='word_1_33' title='bbox 154 666 275 748; x_wconf 80' lang='grc' dir='ltr'><strong><em>σθέντα,</em></strong></span> <span class='ocrx_word' id='word_1_34' title='bbox 298 667 348 729; x_wconf 86' lang='grc' dir='ltr'><strong><em>καί</em></strong></span> <span class='ocrx_word' id='word_1_35' title='bbox 371 670 464 741; x_wconf 74' lang='grc' dir='ltr'><strong><em>οὕτως</em></strong></span> <span class='ocrx_word' id='word_1_36' title='bbox 487 668 544 730; x_wconf 81' lang='grc' dir='ltr'><strong><em>οὐκ</em></strong></span> <span class='ocrx_word' id='word_1_37' title='bbox 565 667 712 753; x_wconf 83' lang='grc' dir='ltr'><strong><em>άποτεόξη</em></strong></span> <span class='ocrx_word' id='word_1_38' title='bbox 735 678 788 747; x_wconf 80' lang='grc' dir='ltr'><strong><em>τῆς</em></strong></span> <span class='ocrx_word' id='word_1_39' title='bbox 810 668 994 741; x_wconf 76' lang='grc' dir='ltr'><strong><em>ἐννοίαςέ</em></strong></span> <span class='ocrx_word' id='word_1_40' title='bbox 994 632 1143 747; x_wconf 77' lang='grc' dir='ltr'><strong><em>νμέν</em></strong></span> <span class='ocrx_word' id='word_1_41' title='bbox 1110 692 1165 750; x_wconf 88' lang='grc' dir='ltr'><strong><em>γαρ</em></strong></span> 
     </span>
     <span class='ocr_line' id='line_1_6' title="bbox 153 764 1192 848; baseline 0.005 -22"><span class='ocrx_word' id='word_1_42' title='bbox 153 771 216 839; x_wconf 87' lang='grc' dir='ltr'><strong><em>τοῖς</em></strong></span> <span class='ocrx_word' id='word_1_43' title='bbox 234 765 314 847; x_wconf 85' lang='grc' dir='ltr'><strong><em>παρὰ</em></strong></span> <span class='ocrx_word' id='word_1_44' title='bbox 331 776 384 827; x_wconf 90' lang='grc' dir='ltr'><strong><em>τοῦ</em></strong></span> <span class='ocrx_word' id='word_1_45' title='bbox 401 767 481 828; x_wconf 86' lang='grc' dir='ltr'><strong><em>Κάϊν</em></strong></span> <span class='ocrx_word' id='word_1_46' title='bbox 499 765 722 846; x_wconf 77' lang='grc' dir='ltr'><strong><em>τετολμημένοις</em></strong></span> <span class='ocrx_word' id='word_1_47' title='bbox 740 776 856 848; x_wconf 83' lang='grc' dir='ltr'><strong><em>πρῶτον</em></strong></span> <span class='ocrx_word' id='word_1_48' title='bbox 874 764 1030 847; x_wconf 76' lang='grc' dir='ltr'><strong><em>ἁμάρτημα</em></strong></span> <span class='ocrx_word' id='word_1_49' title='bbox 1048 766 1192 844; x_wconf 81' lang='grc' dir='ltr'><strong><em>φθόνοςτ</em></strong></span> 
     </span>
     <span class='ocr_line' id='line_1_7' title="bbox 154 857 1166 948; baseline -0.002 -23"><span class='ocrx_word' id='word_1_50' title='bbox 154 862 203 925; x_wconf 80' lang='grc' dir='ltr'><strong><em>ἐπί</em></strong></span> <span class='ocrx_word' id='word_1_51' title='bbox 226 872 260 948; x_wconf 75' lang='grc' dir='ltr'><strong><em>τῇ</em></strong></span> <span class='ocrx_word' id='word_1_52' title='bbox 284 864 456 946; x_wconf 79' lang='grc' dir='ltr'><strong><em>προτιμήσει</em></strong></span> <span class='ocrx_word' id='word_1_53' title='bbox 478 873 530 926; x_wconf 88' lang='grc' dir='ltr'><strong><em>τοῦ</em></strong></span> <span class='ocrx_word' id='word_1_54' title='bbox 543 862 638 945; x_wconf 76' lang='grc' dir='ltr'><strong><em>’Ἅβελ</em></strong></span> <span class='ocrx_word' id='word_1_55' title='bbox 679 865 815 946; x_wconf 79' lang='grc' dir='ltr'><strong><em>δεύτερον</em></strong></span> <span class='ocrx_word' id='word_1_56' title='bbox 838 863 933 944; x_wconf 87' lang='grc' dir='ltr'><strong><em>δόλος,</em></strong></span> <span class='ocrx_word' id='word_1_57' title='bbox 957 858 1025 943; x_wconf 79' lang='grc' dir='ltr'><strong><em>μεθ’</em></strong></span> <span class='ocrx_word' id='word_1_58' title='bbox 1047 857 1084 926; x_wconf 78' lang='grc' dir='ltr'><strong><em>οδ</em></strong></span> <span class='ocrx_word' id='word_1_59' title='bbox 1106 864 1166 924; x_wconf 90' lang='grc' dir='ltr'><strong><em>διε-</em></strong></span> 
     </span>
     <span class='ocr_line' id='line_1_8' title="bbox 152 960 1165 1047; baseline 0.001 -26"><span class='ocrx_word' id='word_1_60' title='bbox 152 960 245 1041; x_wconf 80' lang='grc' dir='ltr'><strong><em>λέχθη</em></strong></span> <span class='ocrx_word' id='word_1_61' title='bbox 268 966 309 1045; x_wconf 76' lang='grc' dir='ltr'><strong><em>τῷ</em></strong></span> <span class='ocrx_word' id='word_1_62' title='bbox 332 960 450 1047; x_wconf 79' lang='grc' dir='ltr'><em>ἀδελφῷ</em></span> <span class='ocrx_word' id='word_1_63' title='bbox 473 962 576 1023; x_wconf 85' lang='grc' dir='ltr'><strong><em>εἰπάν·</em></strong></span> <span class='ocrx_word' id='word_1_64' title='bbox 606 961 770 1042; x_wconf 77' lang='grc' dir='ltr'><strong><em>διέλθωμεν</em></strong></span> <span class='ocrx_word' id='word_1_65' title='bbox 792 962 835 1035; x_wconf 86' lang='grc' dir='ltr'><strong><em>εἰς</em></strong></span> <span class='ocrx_word' id='word_1_66' title='bbox 856 962 889 1024; x_wconf 82' lang='grc' dir='ltr'><strong><em>τό</em></strong></span> <span class='ocrx_word' id='word_1_67' title='bbox 912 963 1023 1023; x_wconf 82' lang='grc' dir='ltr'><strong><em>πεδίον.</em></strong></span> <span class='ocrx_word' id='word_1_68' title='bbox 1068 962 1165 1042; x_wconf 88' lang='grc' dir='ltr'><strong><em>τρίτον</em></strong></span> 
     </span>
     <span class='ocr_line' id='line_1_9' title="bbox 154 1058 1165 1142; baseline 0 -22"><span class='ocrx_word' id='word_1_69' title='bbox 154 1059 263 1139; x_wconf 82' lang='grc' dir='ltr'><strong><em>φόνος,</em></strong></span> <span class='ocrx_word' id='word_1_70' title='bbox 293 1059 453 1142; x_wconf 79' lang='grc' dir='ltr'><strong><em>προσθήκη</em></strong></span> <span class='ocrx_word' id='word_1_71' title='bbox 483 1070 536 1121; x_wconf 88' lang='grc' dir='ltr'><strong><em>τοῦ</em></strong></span> <span class='ocrx_word' id='word_1_72' title='bbox 563 1069 665 1121; x_wconf 86' lang='grc' dir='ltr'><strong><em>κακοῦ.</em></strong></span> <span class='ocrx_word' id='word_1_73' title='bbox 710 1059 860 1140; x_wconf 81' lang='grc' dir='ltr'><strong><em>τέταρτον,</em></strong></span> <span class='ocrx_word' id='word_1_74' title='bbox 888 1059 932 1122; x_wconf 86' lang='grc' dir='ltr'><strong><em>ότι</em></strong></span> <span class='ocrx_word' id='word_1_75' title='bbox 958 1058 1008 1120; x_wconf 80' lang='grc' dir='ltr'><strong><em>καί</em></strong></span> <span class='ocrx_word' id='word_1_76' title='bbox 1035 1058 1165 1137; x_wconf 79' lang='grc' dir='ltr'><strong><em>ἀδελφοῦ</em></strong></span> 
     </span>
     <span class='ocr_line' id='line_1_10' title="bbox 154 1151 1242 1240; baseline -0.002 -22"><span class='ocrx_word' id='word_1_77' title='bbox 154 1156 256 1234; x_wconf 86' lang='grc' dir='ltr'><strong><em>φόνος.</em></strong></span> <span class='ocrx_word' id='word_1_78' title='bbox 302 1157 434 1237; x_wconf 80' lang='grc' dir='ltr'><strong><em>πέμπτον</em></strong></span> <span class='ocrx_word' id='word_1_79' title='bbox 461 1157 569 1240; x_wconf 88' lang='grc' dir='ltr'><strong><em>κακόν,</em></strong></span> <span class='ocrx_word' id='word_1_80' title='bbox 601 1158 646 1220; x_wconf 83' lang='grc' dir='ltr'><strong><em>ὅτι</em></strong></span> <span class='ocrx_word' id='word_1_81' title='bbox 672 1157 722 1219; x_wconf 82' lang='grc' dir='ltr'><strong><em>καί</em></strong></span> <span class='ocrx_word' id='word_1_82' title='bbox 749 1167 864 1240; x_wconf 85' lang='grc' dir='ltr'><strong><em>πρῶτος</em></strong></span> <span class='ocrx_word' id='word_1_83' title='bbox 891 1156 1002 1234; x_wconf 78' lang='grc' dir='ltr'><strong><em>φονεὺς</em></strong></span> <span class='ocrx_word' id='word_1_84' title='bbox 1032 1154 1166 1237; x_wconf 87' lang='grc' dir='ltr'><strong><em>πονηρὸν</em></strong></span> <span class='ocrx_word' id='word_1_85' title='bbox 1239 1151 1242 1157; x_wconf 70' lang='grc'><strong>’</strong></span> 
     </span>
     <span class='ocr_line' id='line_1_11' title="bbox 152 1252 1205 1341; baseline 0.004 -26"><span class='ocrx_word' id='word_1_86' title='bbox 152 1254 318 1336; x_wconf 80' lang='grc' dir='ltr'><strong><em>ὑπόδειγμα</em></strong></span> <span class='ocrx_word' id='word_1_87' title='bbox 346 1255 514 1317; x_wconf 81' lang='grc' dir='ltr'><strong><em>καταλιπὼν</em></strong></span> <span class='ocrx_word' id='word_1_88' title='bbox 543 1262 582 1341; x_wconf 80' lang='grc' dir='ltr'><strong><em>τῷ</em></strong></span> <span class='ocrx_word' id='word_1_89' title='bbox 604 1257 669 1341; x_wconf 83' lang='grc' dir='ltr'><strong><em>βίῳ.</em></strong></span> <span class='ocrx_word' id='word_1_90' title='bbox 714 1254 808 1334; x_wconf 76' lang='grc' dir='ltr'><strong><em>ἕκτον,</em></strong></span> <span class='ocrx_word' id='word_1_91' title='bbox 838 1254 882 1317; x_wconf 83' lang='grc' dir='ltr'><strong><em>ὅτι</em></strong></span> <span class='ocrx_word' id='word_1_92' title='bbox 907 1263 1027 1335; x_wconf 80' lang='grc' dir='ltr'><strong><em>γονεῦσι</em></strong></span> <span class='ocrx_word' id='word_1_93' title='bbox 1053 1252 1166 1325; x_wconf 71' lang='grc' dir='ltr'><strong><em>πένθος</em></strong></span> <span class='ocrx_word' id='word_1_94' title='bbox 1179 1279 1205 1319; x_wconf 83' lang='grc' dir='ltr'><strong><em>ιο</em></strong></span> 
     </span>
     <span class='ocr_line' id='line_1_12' title="bbox 153 1350 1164 1434; baseline -0.003 -21"><span class='ocrx_word' id='word_1_95' title='bbox 153 1351 332 1433; x_wconf 86' lang='grc' dir='ltr'><strong><em>ἐνεποίησεν.</em></strong></span> <span class='ocrx_word' id='word_1_96' title='bbox 378 1352 516 1434; x_wconf 77' lang='grc' dir='ltr'><strong><em>ἕβδομον,</em></strong></span> <span class='ocrx_word' id='word_1_97' title='bbox 544 1354 589 1415; x_wconf 81' lang='grc' dir='ltr'><strong><em>ὅτι</em></strong></span> <span class='ocrx_word' id='word_1_98' title='bbox 615 1354 690 1416; x_wconf 87' lang='grc' dir='ltr'><strong><em>θεὸν</em></strong></span> <span class='ocrx_word' id='word_1_99' title='bbox 715 1352 869 1430; x_wconf 85' lang='grc' dir='ltr'><strong><em>ἐψεύσατο.</em></strong></span> <span class='ocrx_word' id='word_1_100' title='bbox 915 1350 1075 1433; x_wconf 82' lang='grc' dir='ltr'><strong><em>ἐρωτηθείς</em></strong></span> <span class='ocrx_word' id='word_1_101' title='bbox 1096 1351 1164 1432; x_wconf 88' lang='grc' dir='ltr'><strong><em>γάρ·</em></strong></span> 
     </span>
     <span class='ocr_line' id='line_1_13' title="bbox 152 1444 1166 1531; baseline -0.001 -21"><span class='ocrx_word' id='word_1_102' title='bbox 152 1459 214 1511; x_wconf 93' lang='grc' dir='ltr'><strong><em>ποῦ</em></strong></span> <span class='ocrx_word' id='word_1_103' title='bbox 225 1448 312 1531; x_wconf 77' lang='grc' dir='ltr'><strong><em>’Ἅβελ</em></strong></span> <span class='ocrx_word' id='word_1_104' title='bbox 336 1448 497 1528; x_wconf 87' lang='grc' dir='ltr'><strong><em>δάδελφός</em></strong></span> <span class='ocrx_word' id='word_1_105' title='bbox 521 1468 591 1528; x_wconf 74' lang='grc' dir='ltr'><strong><em>σονς</em></strong></span> <span class='ocrx_word' id='word_1_106' title='bbox 614 1445 708 1513; x_wconf 82' lang='grc' dir='ltr'><strong><em>εἶπεν</em></strong></span> <span class='ocrx_word' id='word_1_107' title='bbox 732 1450 789 1513; x_wconf 84' lang='grc' dir='ltr'><strong><em>οῦκ</em></strong></span> <span class='ocrx_word' id='word_1_108' title='bbox 811 1444 885 1511; x_wconf 81' lang='grc' dir='ltr'><strong><em>οἶδα.</em></strong></span> <span class='ocrx_word' id='word_1_109' title='bbox 910 1448 1089 1510; x_wconf 72' lang='grc' dir='ltr'><strong><em>καὶταῦτα</em></strong></span> <span class='ocrx_word' id='word_1_110' title='bbox 1112 1446 1166 1527; x_wconf 70' lang='grc' dir='ltr'><strong><em>μὲν</em></strong></span> 
     </span>
     <span class='ocr_line' id='line_1_14' title="bbox 152 1546 1166 1631; baseline -0.001 -23"><span class='ocrx_word' id='word_1_111' title='bbox 152 1557 206 1609; x_wconf 87' lang='grc' dir='ltr'><strong><em>τοῦ</em></strong></span> <span class='ocrx_word' id='word_1_112' title='bbox 233 1548 313 1609; x_wconf 84' lang='grc' dir='ltr'><strong><em>Κάϊν</em></strong></span> <span class='ocrx_word' id='word_1_113' title='bbox 342 1548 377 1608; x_wconf 83' lang='grc' dir='ltr'><strong><em>τὰ</em></strong></span> <span class='ocrx_word' id='word_1_114' title='bbox 403 1547 475 1610; x_wconf 76' lang='grc' dir='ltr'><strong><em>ἑπτά</em></strong></span> <span class='ocrx_word' id='word_1_115' title='bbox 502 1546 702 1629; x_wconf 75' lang='grc' dir='ltr'><strong><em>ἁμαρτήματα.</em></strong></span> <span class='ocrx_word' id='word_1_116' title='bbox 744 1550 778 1610; x_wconf 88' lang='grc' dir='ltr'><strong><em>αί</em></strong></span> <span class='ocrx_word' id='word_1_117' title='bbox 802 1546 835 1609; x_wconf 79' lang='grc' dir='ltr'><strong><em>δέ</em></strong></span> <span class='ocrx_word' id='word_1_118' title='bbox 864 1547 906 1622; x_wconf 74' lang='grc' dir='ltr'><strong><em>είς</em></strong></span> <span class='ocrx_word' id='word_1_119' title='bbox 933 1546 1054 1609; x_wconf 88' lang='grc' dir='ltr'><strong><em>κόλασιν</em></strong></span> <span class='ocrx_word' id='word_1_120' title='bbox 1085 1546 1166 1631; x_wconf 80' lang='grc' dir='ltr'><strong><em>αότιβ</em></strong></span> 
     </span>
     <span class='ocr_line' id='line_1_15' title="bbox 152 1638 1164 1727; baseline 0 -22"><span class='ocrx_word' id='word_1_121' title='bbox 152 1644 234 1727; x_wconf 80' lang='grc' dir='ltr'><strong><em>παρὰ</em></strong></span> <span class='ocrx_word' id='word_1_122' title='bbox 261 1654 313 1725; x_wconf 79' lang='grc' dir='ltr'><strong><em>τῆς</em></strong></span> <span class='ocrx_word' id='word_1_123' title='bbox 341 1647 427 1719; x_wconf 83' lang='grc' dir='ltr'><strong><em>θείας</em></strong></span> <span class='ocrx_word' id='word_1_124' title='bbox 459 1647 544 1725; x_wconf 89' lang='grc' dir='ltr'><strong><em>δίκης</em></strong></span> <span class='ocrx_word' id='word_1_125' title='bbox 576 1645 776 1726; x_wconf 83' lang='grc' dir='ltr'><strong><em>ἐπενεχθεῖσαι</em></strong></span> <span class='ocrx_word' id='word_1_126' title='bbox 802 1647 937 1727; x_wconf 83' lang='grc' dir='ltr'><strong><em>τιμωρίαι</em></strong></span> <span class='ocrx_word' id='word_1_127' title='bbox 965 1643 1040 1707; x_wconf 80' lang='grc' dir='ltr'><strong><em>είσλν</em></strong></span> <span class='ocrx_word' id='word_1_128' title='bbox 1066 1638 1164 1706; x_wconf 77' lang='grc' dir='ltr'><strong><em>αὗται·</em></strong></span> 
     </span>
     <span class='ocr_line' id='line_1_16' title="bbox 152 1741 1204 1827; baseline 0.004 -24"><span class='ocrx_word' id='word_1_129' title='bbox 152 1743 255 1826; x_wconf 83' lang='grc' dir='ltr'><strong><em>πρώτη</em></strong></span> <span class='ocrx_word' id='word_1_130' title='bbox 278 1743 408 1816; x_wconf 85' lang='grc' dir='ltr'><strong><em>κόλασις·</em></strong></span> <span class='ocrx_word' id='word_1_131' title='bbox 433 1741 642 1826; x_wconf 85' lang='grc' dir='ltr'><strong><em>ἐπικατάρατος</em></strong></span> <span class='ocrx_word' id='word_1_132' title='bbox 665 1741 742 1825; x_wconf 79' lang='grc' dir='ltr'><strong><em>ήγή</em></strong></span> <span class='ocrx_word' id='word_1_133' title='bbox 762 1742 821 1805; x_wconf 85' lang='grc' dir='ltr'><strong><em>ἀπὸ</em></strong></span> <span class='ocrx_word' id='word_1_134' title='bbox 840 1752 903 1805; x_wconf 93' lang='grc' dir='ltr'><strong><em>σοῦ.</em></strong></span> <span class='ocrx_word' id='word_1_135' title='bbox 940 1742 1071 1824; x_wconf 80' lang='grc' dir='ltr'><strong><em>δευτέρα·</em></strong></span> <span class='ocrx_word' id='word_1_136' title='bbox 1095 1742 1165 1827; x_wconf 75' lang='grc' dir='ltr'><strong><em>ἐργᾷ</em></strong></span> <span class='ocrx_word' id='word_1_137' title='bbox 1179 1767 1204 1807; x_wconf 81' lang='grc' dir='ltr'><strong><em>ιτ</em></strong></span> 
     </span>
     <span class='ocr_line' id='line_1_17' title="bbox 152 1839 1165 1923; baseline 0 -22"><span class='ocrx_word' id='word_1_138' title='bbox 152 1842 208 1920; x_wconf 85' lang='grc' dir='ltr'><strong><em>τήν</em></strong></span> <span class='ocrx_word' id='word_1_139' title='bbox 230 1849 295 1921; x_wconf 79' lang='grc' dir='ltr'><strong><em>γῆν.</em></strong></span> <span class='ocrx_word' id='word_1_140' title='bbox 342 1841 435 1923; x_wconf 88' lang='grc' dir='ltr'><strong><em>τρίτη·</em></strong></span> <span class='ocrx_word' id='word_1_141' title='bbox 463 1840 513 1902; x_wconf 82' lang='grc' dir='ltr'><strong><em>καί</em></strong></span> <span class='ocrx_word' id='word_1_142' title='bbox 541 1841 577 1903; x_wconf 83' lang='grc' dir='ltr'><strong><em>οῦ</em></strong></span> <span class='ocrx_word' id='word_1_143' title='bbox 599 1842 765 1922; x_wconf 80' lang='grc' dir='ltr'><strong><em>προσθήσει</em></strong></span> <span class='ocrx_word' id='word_1_144' title='bbox 793 1842 901 1902; x_wconf 89' lang='grc' dir='ltr'><strong><em>δοῦναί</em></strong></span> <span class='ocrx_word' id='word_1_145' title='bbox 925 1859 973 1902; x_wconf 92' lang='grc' dir='ltr'><strong><em>σοι</em></strong></span> <span class='ocrx_word' id='word_1_146' title='bbox 998 1840 1055 1920; x_wconf 84' lang='grc' dir='ltr'><strong><em>τήν</em></strong></span> <span class='ocrx_word' id='word_1_147' title='bbox 1082 1839 1165 1921; x_wconf 81' lang='grc' dir='ltr'><strong><em>ἰσχὺν</em></strong></span> 
     </span>
     <span class='ocr_line' id='line_1_18' title="bbox 152 1937 1164 2021; baseline 0 -22"><span class='ocrx_word' id='word_1_148' title='bbox 152 1937 253 2018; x_wconf 86' lang='grc' dir='ltr'><strong><em>αότής.</em></strong></span> <span class='ocrx_word' id='word_1_149' title='bbox 299 1939 418 2020; x_wconf 78' lang='grc' dir='ltr'><strong><em>τετάρτη</em></strong></span> <span class='ocrx_word' id='word_1_150' title='bbox 451 1938 521 2018; x_wconf 82' lang='grc' dir='ltr'><strong><em>μετὰ</em></strong></span> <span class='ocrx_word' id='word_1_151' title='bbox 552 1948 605 2018; x_wconf 81' lang='grc' dir='ltr'><strong><em>τῆς</em></strong></span> <span class='ocrx_word' id='word_1_152' title='bbox 635 1938 769 2019; x_wconf 80' lang='grc' dir='ltr'><strong><em>πέμπτης</em></strong></span> <span class='ocrx_word' id='word_1_153' title='bbox 804 1937 1018 2021; x_wconf 84' lang='grc' dir='ltr'><strong><em>συνεζευγμὲνη</em></strong></span> <span class='ocrx_word' id='word_1_154' title='bbox 1050 1939 1164 2017; x_wconf 84' lang='grc' dir='ltr'><strong><em>μάστιξ·</em></strong></span> 
     </span>
     <span class='ocr_line' id='line_1_19' title="bbox 152 2034 1165 2121; baseline -0.002 -24"><span class='ocrx_word' id='word_1_155' title='bbox 152 2034 263 2097; x_wconf 80' lang='grc' dir='ltr'><strong><em>στένων</em></strong></span> <span class='ocrx_word' id='word_1_156' title='bbox 290 2035 340 2097; x_wconf 86' lang='grc' dir='ltr'><strong><em>καί</em></strong></span> <span class='ocrx_word' id='word_1_157' title='bbox 367 2034 480 2117; x_wconf 80' lang='grc' dir='ltr'><strong><em>τρέμων</em></strong></span> <span class='ocrx_word' id='word_1_158' title='bbox 503 2036 555 2121; x_wconf 77' lang='grc' dir='ltr'><strong><em>ἐση</em></strong></span> <span class='ocrx_word' id='word_1_159' title='bbox 581 2035 628 2098; x_wconf 82' lang='grc' dir='ltr'><strong><em>ἐπί</em></strong></span> <span class='ocrx_word' id='word_1_160' title='bbox 651 2047 704 2117; x_wconf 86' lang='grc' dir='ltr'><strong><em>τής</em></strong></span> <span class='ocrx_word' id='word_1_161' title='bbox 726 2046 789 2119; x_wconf 81' lang='grc' dir='ltr'><strong><em>γῆς.</em></strong></span> <span class='ocrx_word' id='word_1_162' title='bbox 835 2035 913 2116; x_wconf 74' lang='grc' dir='ltr'><strong><em>ἕκτη,</em></strong></span> <span class='ocrx_word' id='word_1_163' title='bbox 936 2034 976 2115; x_wconf 75' lang='grc' dir='ltr'><strong><em>ἣν</em></strong></span> <span class='ocrx_word' id='word_1_164' title='bbox 998 2035 1086 2110; x_wconf 74' lang='grc' dir='ltr'><strong><em>αὐτὸς</em></strong></span> <span class='ocrx_word' id='word_1_165' title='bbox 1109 2035 1165 2096; x_wconf 87' lang='grc' dir='ltr'><strong><em>άπ-</em></strong></span> 
     </span>
     <span class='ocr_line' id='line_1_20' title="bbox 151 2130 1166 2219; baseline -0.002 -24"><span class='ocrx_word' id='word_1_166' title='bbox 151 2133 301 2211; x_wconf 81' lang='grc' dir='ltr'><strong><em>ετιάλυψεν</em></strong></span> <span class='ocrx_word' id='word_1_167' title='bbox 330 2130 448 2195; x_wconf 88' lang='grc' dir='ltr'><strong><em>δΚάϊν</em></strong></span> <span class='ocrx_word' id='word_1_168' title='bbox 475 2134 578 2196; x_wconf 84' lang='grc' dir='ltr'><strong><em>εἰπών·</em></strong></span> <span class='ocrx_word' id='word_1_169' title='bbox 607 2135 634 2197; x_wconf 87' lang='grc' dir='ltr'><strong><em>εί</em></strong></span> <span class='ocrx_word' id='word_1_170' title='bbox 654 2134 781 2219; x_wconf 80' lang='grc' dir='ltr'><strong><em>ἐκβάλης</em></strong></span> <span class='ocrx_word' id='word_1_171' title='bbox 808 2156 842 2212; x_wconf 79' lang='grc' dir='ltr'><strong><em>με</em></strong></span> <span class='ocrx_word' id='word_1_172' title='bbox 869 2144 926 2195; x_wconf 93' lang='grc' dir='ltr'><strong><em>νῦν</em></strong></span> <span class='ocrx_word' id='word_1_173' title='bbox 952 2132 1011 2194; x_wconf 88' lang='grc' dir='ltr'><strong><em>άπό</em></strong></span> <span class='ocrx_word' id='word_1_174' title='bbox 1034 2151 1089 2194; x_wconf 92' lang='grc' dir='ltr'><strong><em>σου</em></strong></span> <span class='ocrx_word' id='word_1_175' title='bbox 1116 2131 1166 2194; x_wconf 84' lang='grc' dir='ltr'><strong><em>καλ</em></strong></span> 
     </span>
     <span class='ocr_line' id='line_1_21' title="bbox 152 2229 1205 2314; baseline 0.002 -21"><span class='ocrx_word' id='word_1_176' title='bbox 152 2229 212 2293; x_wconf 85' lang='grc' dir='ltr'><strong><em>άπὸ</em></strong></span> <span class='ocrx_word' id='word_1_177' title='bbox 239 2240 292 2292; x_wconf 91' lang='grc' dir='ltr'><strong><em>τοῦ</em></strong></span> <span class='ocrx_word' id='word_1_178' title='bbox 319 2232 480 2313; x_wconf 85' lang='grc' dir='ltr'><strong><em>προσώπου</em></strong></span> <span class='ocrx_word' id='word_1_179' title='bbox 507 2249 562 2293; x_wconf 89' lang='grc' dir='ltr'><strong><em>σου</em></strong></span> <span class='ocrx_word' id='word_1_180' title='bbox 591 2233 792 2314; x_wconf 91' lang='grc' dir='ltr'><strong><em>κρυβήσομαι,</em></strong></span> <span class='ocrx_word' id='word_1_181' title='bbox 824 2229 843 2311; x_wconf 85' lang='grc' dir='ltr'><em>ἡ</em></span> <span class='ocrx_word' id='word_1_182' title='bbox 871 2231 1020 2313; x_wconf 79' lang='grc' dir='ltr'><strong><em>βαρυτάτη</em></strong></span> <span class='ocrx_word' id='word_1_183' title='bbox 1046 2231 1165 2303; x_wconf 87' lang='grc' dir='ltr'><strong><em>κόλασις</em></strong></span> <span class='ocrx_word' id='word_1_184' title='bbox 1178 2255 1205 2295; x_wconf 80' lang='grc' dir='ltr'><strong><em>εο</em></strong></span> 
     </span>
     <span class='ocr_line' id='line_1_22' title="bbox 154 2326 1165 2412; baseline -0.002 -21"><span class='ocrx_word' id='word_1_185' title='bbox 154 2328 171 2391; x_wconf 87' lang='grc' dir='ltr'><strong><em>δ</em></strong></span> <span class='ocrx_word' id='word_1_186' title='bbox 194 2327 253 2391; x_wconf 86' lang='grc' dir='ltr'><strong><em>άπὸ</em></strong></span> <span class='ocrx_word' id='word_1_187' title='bbox 276 2334 352 2391; x_wconf 88' lang='grc' dir='ltr'><strong><em>θεοῦ</em></strong></span> <span class='ocrx_word' id='word_1_188' title='bbox 381 2329 525 2411; x_wconf 86' lang='grc' dir='ltr'><strong><em>χωρισμός</em></strong></span> <span class='ocrx_word' id='word_1_189' title='bbox 548 2335 608 2403; x_wconf 82' lang='grc' dir='ltr'><strong><em>τοῖς</em></strong></span> <span class='ocrx_word' id='word_1_190' title='bbox 631 2339 848 2412; x_wconf 85' lang='grc' dir='ltr'><strong><em>σωφρονοῦσιν.</em></strong></span> <span class='ocrx_word' id='word_1_191' title='bbox 894 2327 1006 2409; x_wconf 76' lang='grc' dir='ltr'><strong><em>ἑβδόμη</em></strong></span> <span class='ocrx_word' id='word_1_192' title='bbox 1032 2328 1065 2390; x_wconf 86' lang='grc' dir='ltr'><strong><em>τὸ</em></strong></span> <span class='ocrx_word' id='word_1_193' title='bbox 1091 2326 1165 2407; x_wconf 76' lang='grc' dir='ltr'><strong><em>μηδὲ</em></strong></span> 
     </span>
     <span class='ocr_line' id='line_1_23' title="bbox 153 2426 1165 2513; baseline -0.001 -26"><span class='ocrx_word' id='word_1_194' title='bbox 153 2427 338 2508; x_wconf 80' lang='grc' dir='ltr'><strong><em>κρύπτεσθαι</em></strong></span> <span class='ocrx_word' id='word_1_195' title='bbox 361 2426 416 2506; x_wconf 82' lang='grc' dir='ltr'><strong><em>τήν</em></strong></span> <span class='ocrx_word' id='word_1_196' title='bbox 434 2429 586 2508; x_wconf 88' lang='grc' dir='ltr'><strong><em>τιμωρίαν,</em></strong></span> <span class='ocrx_word' id='word_1_197' title='bbox 609 2426 682 2488; x_wconf 88' lang='grc' dir='ltr'><strong><em>άλλδι</em></strong></span> <span class='ocrx_word' id='word_1_198' title='bbox 704 2429 815 2513; x_wconf 79' lang='grc' dir='ltr'><strong><em>σημείῳ</em></strong></span> <span class='ocrx_word' id='word_1_199' title='bbox 838 2426 976 2512; x_wconf 78' lang='grc' dir='ltr'><strong><em>προδήλῳ</em></strong></span> <span class='ocrx_word' id='word_1_200' title='bbox 1001 2435 1073 2486; x_wconf 88' lang='grc' dir='ltr'><strong><em>πῦσι</em></strong></span> <span class='ocrx_word' id='word_1_201' title='bbox 1092 2447 1165 2507; x_wconf 90' lang='grc' dir='ltr'><strong><em>προ-</em></strong></span> 
     </span>
     <span class='ocr_line' id='line_1_24' title="bbox 151 2515 1166 2607; baseline -0.001 -21"><span class='ocrx_word' id='word_1_202' title='bbox 151 2524 336 2606; x_wconf 80' lang='grc' dir='ltr'><strong><em>κεκηρόγθαι</em></strong></span> <span class='ocrx_word' id='word_1_203' title='bbox 359 2524 409 2586; x_wconf 80' lang='grc' dir='ltr'><strong><em>διά</em></strong></span> <span class='ocrx_word' id='word_1_204' title='bbox 432 2534 485 2587; x_wconf 90' lang='grc' dir='ltr'><strong><em>τοῦ</em></strong></span> <span class='ocrx_word' id='word_1_205' title='bbox 508 2534 671 2607; x_wconf 72' lang='grc' dir='ltr'><strong><em>στεναγμοῦ</em></strong></span> <span class='ocrx_word' id='word_1_206' title='bbox 699 2525 749 2586; x_wconf 82' lang='grc' dir='ltr'><strong><em>καὶ</em></strong></span> <span class='ocrx_word' id='word_1_207' title='bbox 776 2534 828 2586; x_wconf 93' lang='grc' dir='ltr'><strong><em>τοῦ</em></strong></span> <span class='ocrx_word' id='word_1_208' title='bbox 851 2524 970 2606; x_wconf 88' lang='grc' dir='ltr'><strong><em>τρόμον.</em></strong></span> <span class='ocrx_word' id='word_1_209' title='bbox 1014 2534 1073 2597; x_wconf 87' lang='grc' dir='ltr'><strong><em>πῦς</em></strong></span> <span class='ocrx_word' id='word_1_210' title='bbox 1099 2515 1166 2604; x_wconf 78' lang='grc' dir='ltr'><strong><em>οὗν,</em></strong></span> 
     </span>
    </p>
   </div>
   <div class='ocr_carea' id='block_1_3' title="bbox 153 2764 1165 2965">
    <p class='ocr_par' dir='ltr' id='par_1_3' title="bbox 153 2764 1165 2964">
     <span class='ocr_line' id='line_1_25' title="bbox 227 2764 1165 2909; baseline -0.003 -88.849"><span class='ocrx_word' id='word_1_211' title='bbox 227 2772 464 2909; x_wconf 41' lang='lat'>1—{1028-</span> <span class='ocrx_word' id='word_1_212' title='bbox 361 2766 560 2892; x_wconf 25' lang='lat' dir='ltr'><strong><em>‚fflasilsss</em></strong></span> <span class='ocrx_word' id='word_1_213' title='bbox 576 2773 628 2823; x_wconf 80' lang='lat'><strong><em>260</em></strong></span> <span class='ocrx_word' id='word_1_214' title='bbox 650 2766 747 2836; x_wconf 78' lang='lat' dir='ltr'>Migne</span> <span class='ocrx_word' id='word_1_215' title='bbox 762 2766 839 2823; x_wconf 81' lang='lat' dir='ltr'><strong>Tom.</strong></span> <span class='ocrx_word' id='word_1_216' title='bbox 854 2772 898 2835; x_wconf 76' lang='lat'><strong><em>32,</em></strong></span> <span class='ocrx_word' id='word_1_217' title='bbox 912 2764 995 2821; x_wconf 76' lang='lat' dir='ltr'><strong><em>957ss</em></strong></span> <span class='ocrx_word' id='word_1_218' title='bbox 1015 2766 1050 2833; x_wconf 76' lang='lat' dir='ltr'><strong><em>cf.</em></strong></span> <span class='ocrx_word' id='word_1_219' title='bbox 1064 2765 1165 2820; x_wconf 82' lang='lat' dir='ltr'>Pollux</span> 
     </span>
     <span class='ocr_line' id='line_1_26' title="bbox 153 2836 1165 2965; baseline 0 -3"><span class='ocrx_word' id='word_1_220' title='bbox 153 2836 781 2965; x_wconf 55' lang='lat' dir='ltr'><strong><em>3Z13³32121b1st2⁴³3b15¹²</em></strong></span> <span class='ocrx_word' id='word_1_221' title='bbox 803 2837 939 2894; x_wconf 57' lang='grc' dir='ltr'><em>Μ</em></span> <span class='ocrx_word' id='word_1_222' title='bbox 965 2843 997 2892; x_wconf 61' lang='lat'><strong><em>1⁶</em></strong></span> <span class='ocrx_word' id='word_1_223' title='bbox 1016 2836 1053 2892; x_wconf 57' lang='grc' dir='ltr'>ὼ</span> <span class='ocrx_word' id='word_1_224' title='bbox 1070 2843 1111 2891; x_wconf 64' lang='grc' dir='ltr'><strong><em>Π</em></strong></span> <span class='ocrx_word' id='word_1_225' title='bbox 1130 2867 1165 2877; x_wconf 66' lang='grc'><em>”</em></span> 
     </span>
    </p>
   </div>
   <div class='ocr_carea' id='block_1_4' title="bbox 151 3100 1166 3673">
    <p class='ocr_par' dir='ltr' id='par_1_4' title="bbox 151 3100 1166 3673">
     <span class='ocr_line' id='line_1_27' title="bbox 225 3100 1164 3176; baseline -0.006 -15"><span class='ocrx_word' id='word_1_226' title='bbox 225 3111 241 3161; x_wconf 83' lang='grc'>6</span> <span class='ocrx_word' id='word_1_227' title='bbox 264 3113 314 3159; x_wconf 86' lang='grc' dir='ltr'><strong><em>τοῦ</em></strong></span> <span class='ocrx_word' id='word_1_228' title='bbox 328 3102 403 3176; x_wconf 72' lang='grc' dir='ltr'><strong><em>Ἅβελ</em></strong></span> <span class='ocrx_word' id='word_1_229' title='bbox 420 3104 539 3159; x_wconf 79' lang='grc' dir='ltr'><strong><em>ΙιΡΒιιε.</em></strong></span> <span class='ocrx_word' id='word_1_230' title='bbox 559 3113 608 3159; x_wconf 90' lang='grc' dir='ltr'><strong><em>τοῦ</em></strong></span> <span class='ocrx_word' id='word_1_231' title='bbox 627 3122 678 3161; x_wconf 81' lang='grc' dir='ltr'><strong><em>ονε</em></strong></span> <span class='ocrx_word' id='word_1_232' title='bbox 693 3104 803 3160; x_wconf 84' lang='lat' dir='ltr'>relL-</span> <span class='ocrx_word' id='word_1_233' title='bbox 822 3105 954 3175; x_wconf 80' lang='grc' dir='ltr'><strong><em>διελέχθη</em></strong></span> <span class='ocrx_word' id='word_1_234' title='bbox 973 3102 1077 3157; x_wconf 75' lang='lat' dir='ltr'><strong>AGPR</strong></span> <span class='ocrx_word' id='word_1_235' title='bbox 1087 3100 1164 3157; x_wconf 75' lang='lat' dir='ltr'><strong>said.</strong></span> 
     </span>
     <span class='ocr_line' id='line_1_28' title="bbox 151 3124 1165 3246; baseline -0.002 -17"><span class='ocrx_word' id='word_1_236' title='bbox 151 3175 216 3231; x_wconf 74' lang='lat' dir='ltr'><strong>Bas.</strong></span> <span class='ocrx_word' id='word_1_237' title='bbox 240 3177 269 3230; x_wconf 87' lang='grc' dir='ltr'><strong><em>δι</em></strong></span> <span class='ocrx_word' id='word_1_238' title='bbox 270 3173 376 3246; x_wconf 79' lang='grc' dir='ltr'><strong><em>ηλέχθη</em></strong></span> <span class='ocrx_word' id='word_1_239' title='bbox 399 3175 482 3230; x_wconf 86' lang='lat' dir='ltr'><strong><em>BLN</em></strong></span> <span class='ocrx_word' id='word_1_240' title='bbox 508 3174 652 3246; x_wconf 79' lang='grc' dir='ltr'><strong><em>διειλέχθη</em></strong></span> <span class='ocrx_word' id='word_1_241' title='bbox 676 3174 746 3232; x_wconf 73' lang='lat' dir='ltr'><strong><em>Vct</em></strong></span> <span class='ocrx_word' id='word_1_242' title='bbox 766 3175 789 3229; x_wconf 78' lang='lat' dir='ltr'><strong><em>Ia</em></strong></span> <span class='ocrx_word' id='word_1_243' title='bbox 807 3193 843 3231; x_wconf 76' lang='grc' dir='ltr'><strong><em>τε.</em></strong></span> <span class='ocrx_word' id='word_1_244' title='bbox 862 3181 878 3229; x_wconf 78' lang='lat'><strong>2</strong></span> <span class='ocrx_word' id='word_1_245' title='bbox 897 3125 936 3230; x_wconf 61' lang='grc' dir='ltr'><strong><em>χδι</em></strong></span> <span class='ocrx_word' id='word_1_246' title='bbox 936 3124 1018 3245; x_wconf 71' lang='grc' dir='ltr'><strong><em>ηλέγχ</em></strong></span> <span class='ocrx_word' id='word_1_247' title='bbox 1078 3171 1106 3227; x_wconf 77' lang='grc' dir='ltr'><strong><em>(λ</em></strong></span> <span class='ocrx_word' id='word_1_248' title='bbox 1130 3204 1165 3213; x_wconf 89' lang='grc'>-</span> 
     </span>
     <span class='ocr_line' id='line_1_29' title="bbox 153 3243 1165 3317; baseline -0.004 -16"><span class='ocrx_word' id='word_1_249' title='bbox 153 3246 313 3317; x_wconf 79' lang='grc' dir='ltr'><strong><em>λδιέλθωμ</em></strong></span> <span class='ocrx_word' id='word_1_250' title='bbox 315 3266 347 3303; x_wconf 89' lang='grc' dir='ltr'><strong><em>εν</em></strong></span> <span class='ocrx_word' id='word_1_251' title='bbox 369 3246 405 3316; x_wconf 83' lang='grc' dir='ltr'><strong><em>δή</em></strong></span> <span class='ocrx_word' id='word_1_252' title='bbox 425 3244 465 3309; x_wconf 78' lang='grc' dir='ltr'><strong><em>εἰς</em></strong></span> <span class='ocrx_word' id='word_1_253' title='bbox 482 3246 571 3303; x_wconf 84' lang='lat' dir='ltr'><strong><em>N.-</em></strong></span> <span class='ocrx_word' id='word_1_254' title='bbox 591 3253 624 3303; x_wconf 87' lang='lat'><strong><em>11</em></strong></span> <span class='ocrx_word' id='word_1_255' title='bbox 644 3244 756 3314; x_wconf 78' lang='grc' dir='ltr'><strong><em>ἐποίησε</em></strong></span> <span class='ocrx_word' id='word_1_256' title='bbox 775 3245 945 3301; x_wconf 80' lang='lat' dir='ltr'>BCGR.-</span> <span class='ocrx_word' id='word_1_257' title='bbox 967 3249 1028 3316; x_wconf 79' lang='grc' dir='ltr'><strong><em>θεῷ</em></strong></span> <span class='ocrx_word' id='word_1_258' title='bbox 1078 3243 1110 3299; x_wconf 88' lang='lat' dir='ltr'><strong><em>R.</em></strong></span> <span class='ocrx_word' id='word_1_259' title='bbox 1129 3276 1165 3285; x_wconf 94' lang='lat'><strong><em>-—</em></strong></span> 
     </span>
     <span class='ocr_line' id='line_1_30' title="bbox 153 3298 1165 3399; baseline -0.002 -27"><span class='ocrx_word' id='word_1_260' title='bbox 153 3324 187 3373; x_wconf 88' lang='grc'><strong><em>16</em></strong></span> <span class='ocrx_word' id='word_1_261' title='bbox 206 3318 256 3374; x_wconf 81' lang='grc' dir='ltr'><strong><em>καί</em></strong></span> <span class='ocrx_word' id='word_1_262' title='bbox 273 3335 323 3374; x_wconf 81' lang='lat' dir='ltr'><strong><em>om.</em></strong></span> <span class='ocrx_word' id='word_1_263' title='bbox 342 3318 465 3372; x_wconf 86' lang='lat' dir='ltr'><strong>NR.—</strong></span> <span class='ocrx_word' id='word_1_264' title='bbox 495 3323 527 3372; x_wconf 77' lang='lat'><strong><em>19</em></strong></span> <span class='ocrx_word' id='word_1_265' title='bbox 547 3317 631 3391; x_wconf 83' lang='grc' dir='ltr'><strong><em>ἐκβάλ</em></strong></span> <span class='ocrx_word' id='word_1_266' title='bbox 651 3316 765 3380; x_wconf 80' lang='grc' dir='ltr'><strong><em>ςΒΗΡ</em></strong></span> <span class='ocrx_word' id='word_1_267' title='bbox 782 3325 808 3373; x_wconf 81' lang='grc' dir='ltr'><strong><em>ολ</em></strong></span> <span class='ocrx_word' id='word_1_268' title='bbox 825 3317 846 3370; x_wconf 90' lang='lat' dir='ltr'>L</span> <span class='ocrx_word' id='word_1_269' title='bbox 865 3324 898 3373; x_wconf 78' lang='grc' dir='ltr'><strong><em>αλ</em></strong></span> <span class='ocrx_word' id='word_1_270' title='bbox 914 3316 968 3371; x_wconf 70' lang='lat' dir='ltr'><strong><em>vid.</em></strong></span> <span class='ocrx_word' id='word_1_271' title='bbox 994 3298 1123 3399; x_wconf 83' lang='grc' dir='ltr'><strong><em>ἐκβάλεις</em></strong></span> <span class='ocrx_word' id='word_1_272' title='bbox 1139 3316 1165 3370; x_wconf 80' lang='grc' dir='ltr'><strong>Α</strong></span> 
     </span>
     <span class='ocr_line' id='line_1_31' title="bbox 152 3387 1165 3462; baseline -0.002 -18"><span class='ocrx_word' id='word_1_273' title='bbox 152 3388 294 3462; x_wconf 77' lang='grc' dir='ltr'><strong><em>ἐκβάλλεις</em></strong></span> <span class='ocrx_word' id='word_1_274' title='bbox 307 3388 412 3445; x_wconf 77' lang='lat' dir='ltr'>OEGL</span> <span class='ocrx_word' id='word_1_275' title='bbox 426 3407 461 3445; x_wconf 85' lang='lat' dir='ltr'><strong><em>m.</em></strong></span> <span class='ocrx_word' id='word_1_276' title='bbox 473 3396 489 3444; x_wconf 76' lang='grc' dir='ltr'><strong><em>λ</em></strong></span> <span class='ocrx_word' id='word_1_277' title='bbox 503 3389 535 3444; x_wconf 83' lang='grc' dir='ltr'><strong>Β</strong></span> <span class='ocrx_word' id='word_1_278' title='bbox 546 3388 614 3445; x_wconf 76' lang='lat' dir='ltr'><strong><em>Gen</em></strong></span> <span class='ocrx_word' id='word_1_279' title='bbox 650 3406 690 3443; x_wconf 76' lang='grc' dir='ltr'><strong><em>οε.</em></strong></span> <span class='ocrx_word' id='word_1_280' title='bbox 710 3387 852 3461; x_wconf 75' lang='grc' dir='ltr'><strong><em>ἐκβάλλοις</em></strong></span> <span class='ocrx_word' id='word_1_281' title='bbox 866 3387 892 3441; x_wconf 93' lang='lat' dir='ltr'><strong>V</strong></span> <span class='ocrx_word' id='word_1_282' title='bbox 905 3405 940 3443; x_wconf 85' lang='lat' dir='ltr'><strong><em>m.</em></strong></span> <span class='ocrx_word' id='word_1_283' title='bbox 953 3392 968 3441; x_wconf 79' lang='lat'>2</span> <span class='ocrx_word' id='word_1_284' title='bbox 987 3387 1019 3441; x_wconf 72' lang='grc' dir='ltr'><strong><em>ἐκ</em></strong></span> <span class='ocrx_word' id='word_1_285' title='bbox 1033 3388 1089 3442; x_wconf 82' lang='grc' dir='ltr'><strong><em>λοοο</em></strong></span> <span class='ocrx_word' id='word_1_286' title='bbox 1103 3404 1165 3442; x_wconf 82' lang='grc' dir='ltr'><strong><em>τοο-</em></strong></span> 
     </span>
     <span class='ocr_line' id='line_1_32' title="bbox 151 3457 1166 3535; baseline -0.003 -20"><span class='ocrx_word' id='word_1_287' title='bbox 151 3461 220 3517; x_wconf 74' lang='lat' dir='ltr'><strong><em>nido</em></strong></span> <span class='ocrx_word' id='word_1_288' title='bbox 247 3461 374 3535; x_wconf 79' lang='grc' dir='ltr'><strong><em>ἐκβαλεις</em></strong></span> <span class='ocrx_word' id='word_1_289' title='bbox 392 3460 531 3515; x_wconf 79' lang='lat' dir='ltr'><strong>Suid.-</strong></span> <span class='ocrx_word' id='word_1_290' title='bbox 558 3467 590 3516; x_wconf 77' lang='lat'><strong><em>21</em></strong></span> <span class='ocrx_word' id='word_1_291' title='bbox 610 3468 669 3523; x_wconf 82' lang='grc' dir='ltr'><strong><em>τοῖς</em></strong></span> <span class='ocrx_word' id='word_1_292' title='bbox 691 3457 722 3515; x_wconf 77' lang='grc' dir='ltr'><strong><em>εὖ</em></strong></span> <span class='ocrx_word' id='word_1_293' title='bbox 746 3467 883 3529; x_wconf 86' lang='grc' dir='ltr'><strong><em>φρονοῦσι</em></strong></span> <span class='ocrx_word' id='word_1_294' title='bbox 906 3458 921 3512; x_wconf 87' lang='grc' dir='ltr'><strong><em>δ</em></strong></span> <span class='ocrx_word' id='word_1_295' title='bbox 944 3458 1001 3513; x_wconf 82' lang='grc' dir='ltr'><strong><em>άπὸ</em></strong></span> <span class='ocrx_word' id='word_1_296' title='bbox 1019 3461 1091 3513; x_wconf 85' lang='grc' dir='ltr'><strong><em>θεοῦ</em></strong></span> <span class='ocrx_word' id='word_1_297' title='bbox 1112 3477 1166 3527; x_wconf 75' lang='grc' dir='ltr'><strong><em>γω-</em></strong></span> 
     </span>
     <span class='ocr_line' id='line_1_33' title="bbox 152 3528 1165 3603; baseline -0.005 -15.91"><span class='ocrx_word' id='word_1_298' title='bbox 152 3530 249 3603; x_wconf 77' lang='grc' dir='ltr'><strong><em>ρισμός</em></strong></span> <span class='ocrx_word' id='word_1_299' title='bbox 266 3532 387 3587; x_wconf 78' lang='lat' dir='ltr'><strong>ALBas.</strong></span> <span class='ocrx_word' id='word_1_300' title='bbox 416 3531 431 3587; x_wconf 86' lang='grc' dir='ltr'><strong><em>δ</em></strong></span> <span class='ocrx_word' id='word_1_301' title='bbox 455 3532 512 3586; x_wconf 86' lang='grc' dir='ltr'><strong><em>άπὸ</em></strong></span> <span class='ocrx_word' id='word_1_302' title='bbox 535 3535 565 3586; x_wconf 86' lang='grc' dir='ltr'><strong><em>θ.</em></strong></span> <span class='ocrx_word' id='word_1_303' title='bbox 590 3552 614 3602; x_wconf 79' lang='grc' dir='ltr'><strong><em>χ.</em></strong></span> <span class='ocrx_word' id='word_1_304' title='bbox 638 3538 696 3594; x_wconf 78' lang='grc' dir='ltr'><strong><em>τοῖς</em></strong></span> <span class='ocrx_word' id='word_1_305' title='bbox 719 3528 749 3585; x_wconf 84' lang='grc' dir='ltr'><strong><em>εδ</em></strong></span> <span class='ocrx_word' id='word_1_306' title='bbox 773 3537 910 3599; x_wconf 85' lang='grc' dir='ltr'><strong><em>φρονοῦσι</em></strong></span> <span class='ocrx_word' id='word_1_307' title='bbox 927 3528 954 3582; x_wconf 92' lang='grc' dir='ltr'>Η</span> <span class='ocrx_word' id='word_1_308' title='bbox 979 3532 1165 3599; x_wconf 87' lang='grc' dir='ltr'><strong><em>(σωφρονοῦσι</em></strong></span> 
     </span>
     <span class='ocr_line' id='line_1_34' title="bbox 151 3597 968 3673; baseline -0.007 -14"><span class='ocrx_word' id='word_1_309' title='bbox 151 3605 235 3659; x_wconf 72' lang='lat' dir='ltr'><strong><em>etiam</em></strong></span> <span class='ocrx_word' id='word_1_310' title='bbox 252 3602 361 3673; x_wconf 82' lang='lat' dir='ltr'><strong>Pollux,</strong></span> <span class='ocrx_word' id='word_1_311' title='bbox 381 3602 522 3673; x_wconf 80' lang='lat' dir='ltr'>Suid.-)</span> <span class='ocrx_word' id='word_1_312' title='bbox 542 3608 575 3657; x_wconf 77' lang='lat'><strong><em>23</em></strong></span> <span class='ocrx_word' id='word_1_313' title='bbox 593 3611 643 3657; x_wconf 90' lang='grc' dir='ltr'><strong><em>τοῦ</em></strong></span> <span class='ocrx_word' id='word_1_314' title='bbox 663 3608 726 3657; x_wconf 78' lang='grc' dir='ltr'><strong><em>ουλε</em></strong></span> <span class='ocrx_word' id='word_1_315' title='bbox 743 3597 847 3670; x_wconf 88' lang='grc' dir='ltr'><strong><em>τρόμου</em></strong></span> <span class='ocrx_word' id='word_1_316' title='bbox 864 3616 915 3655; x_wconf 86' lang='lat' dir='ltr'><strong><em>om.</em></strong></span> <span class='ocrx_word' id='word_1_317' title='bbox 934 3598 968 3653; x_wconf 84' lang='lat' dir='ltr'><strong><em>N.</em></strong></span> 
     </span>
    </p>
   </div>
   <div class='ocr_carea' id='block_1_5' title="bbox 0 0 1314 3909">
    <p class='ocr_par' dir='ltr' id='par_1_5' title="bbox 0 0 1314 3909">
     <span class='ocr_line' id='line_1_35' title="bbox 0 0 1314 3909; baseline 0 0"><span class='ocrx_word' id='word_1_318' title='bbox 0 0 1314 3909; x_wconf 95' lang='lat' dir='ltr'><strong><em> </em></strong></span> 
     </span>
    </p>
   </div>
  </div>
 </body>
</html>
