<?xml version="1.0" encoding="UTF-8"?>
<!DOCTYPE html PUBLIC "-//W3C//DTD XHTML 1.0 Transitional//EN"
    "http://www.w3.org/TR/xhtml1/DTD/xhtml1-transitional.dtd">
<html xmlns="http://www.w3.org/1999/xhtml" xml:lang="en" lang="en">
 <head>
  <title>
</title>
<meta http-equiv="Content-Type" content="text/html;charset=utf-8" />
  <meta name='ocr-system' content='tesseract 3.04.00' />
  <meta name='ocr-capabilities' content='ocr_page ocr_carea ocr_par ocr_line ocrx_word'/>
</head>
<body>
  <div class='ocr_page' id='page_1' title='image "./georgiimonachic01boorgoog_0411.png"; bbox 0 0 2617 3909; ppageno 0'>
   <div class='ocr_carea' id='block_1_1' title="bbox 544 254 1143 320">
    <p class='ocr_par' dir='ltr' id='par_1_1' title="bbox 544 254 1143 320">
     <span class='ocr_line' id='line_1_1' title="bbox 544 254 1143 320; baseline 0.003 -15"><span class='ocrx_word' id='word_1_1' title='bbox 544 255 733 306; x_wconf 65' lang='grc' dir='ltr'><em>πεοαιαοα</em></span> <span class='ocrx_word' id='word_1_2' title='bbox 1077 254 1143 320; x_wconf 80' lang='lat'><em>323</em></span> 
     </span>
    </p>
   </div>
   <div class='ocr_carea' id='block_1_2' title="bbox 127 398 1143 774">
    <p class='ocr_par' dir='ltr' id='par_1_2' title="bbox 127 398 1143 774">
     <span class='ocr_line' id='line_1_2' title="bbox 128 398 1142 485; baseline 0.003 -23"><span class='ocrx_word' id='word_1_3' title='bbox 128 399 193 474; x_wconf 84' lang='grc' dir='ltr'><em>λιδις</em></span> <span class='ocrx_word' id='word_1_4' title='bbox 225 398 330 474; x_wconf 80' lang='grc' dir='ltr'><strong><em>ἀπάξει</em></strong></span> <span class='ocrx_word' id='word_1_5' title='bbox 360 400 464 482; x_wconf 87' lang='grc' dir='ltr'><em>κόριος</em></span> <span class='ocrx_word' id='word_1_6' title='bbox 497 400 566 480; x_wconf 87' lang='grc' dir='ltr'><em>μετὰ</em></span> <span class='ocrx_word' id='word_1_7' title='bbox 598 412 658 463; x_wconf 84' lang='grc' dir='ltr'><em>τῶν</em></span> <span class='ocrx_word' id='word_1_8' title='bbox 689 400 889 485; x_wconf 74' lang='grc' dir='ltr'><strong><em>ἐργαζομένων</em></strong></span> <span class='ocrx_word' id='word_1_9' title='bbox 918 401 974 481; x_wconf 86' lang='grc' dir='ltr'><em>τήν</em></span> <span class='ocrx_word' id='word_1_10' title='bbox 1005 402 1142 484; x_wconf 82' lang='grc' dir='ltr'><em>ἀνομίαν.</em></span> 
     </span>
     <span class='ocr_line' id='line_1_3' title="bbox 128 490 1143 582; baseline 0.003 -22"><span class='ocrx_word' id='word_1_11' title='bbox 128 498 248 572; x_wconf 86' lang='grc' dir='ltr'><em>είκότως</em></span> <span class='ocrx_word' id='word_1_12' title='bbox 271 490 327 559; x_wconf 78' lang='grc' dir='ltr'><em>οὖν</em></span> <span class='ocrx_word' id='word_1_13' title='bbox 349 496 365 560; x_wconf 99' lang='lat'><em>6</em></span> <span class='ocrx_word' id='word_1_14' title='bbox 389 496 443 577; x_wconf 80' lang='grc' dir='ltr'><em>μέν</em></span> <span class='ocrx_word' id='word_1_15' title='bbox 461 497 622 573; x_wconf 73' lang='grc' dir='ltr'><em>ἀπόστολος</em></span> <span class='ocrx_word' id='word_1_16' title='bbox 640 500 749 582; x_wconf 79' lang='grc' dir='ltr'><em>ἔλεγεν·</em></span> <span class='ocrx_word' id='word_1_17' title='bbox 774 499 789 562; x_wconf 92' lang='lat'><em>6</em></span> <span class='ocrx_word' id='word_1_18' title='bbox 809 499 1003 581; x_wconf 74' lang='grc' dir='ltr'><em>ἐναρξάμενος</em></span> <span class='ocrx_word' id='word_1_19' title='bbox 1021 499 1053 562; x_wconf 89' lang='grc' dir='ltr'><em>ἐν</em></span> <span class='ocrx_word' id='word_1_20' title='bbox 1071 500 1143 581; x_wconf 74' lang='grc' dir='ltr'><em>ὑμῖν</em></span> 
     </span>
     <span class='ocr_line' id='line_1_4' title="bbox 127 594 1143 680; baseline 0.002 -22"><span class='ocrx_word' id='word_1_21' title='bbox 127 595 214 678; x_wconf 79' lang='grc' dir='ltr'><em>ἔργον</em></span> <span class='ocrx_word' id='word_1_22' title='bbox 237 594 356 677; x_wconf 81' lang='grc' dir='ltr'><em>ἀγαθόν</em></span> <span class='ocrx_word' id='word_1_23' title='bbox 378 595 428 657; x_wconf 84' lang='grc' dir='ltr'><em>καί</em></span> <span class='ocrx_word' id='word_1_24' title='bbox 449 594 611 678; x_wconf 82' lang='grc' dir='ltr'><em>ἐπιτελέσει,</em></span> <span class='ocrx_word' id='word_1_25' title='bbox 635 597 651 660; x_wconf 95' lang='lat'><em>6</em></span> <span class='ocrx_word' id='word_1_26' title='bbox 676 595 707 658; x_wconf 78' lang='grc' dir='ltr'><em>δὲ</em></span> <span class='ocrx_word' id='word_1_27' title='bbox 731 594 839 680; x_wconf 84' lang='grc' dir='ltr'><em>κύριός</em></span> <span class='ocrx_word' id='word_1_28' title='bbox 855 615 961 677; x_wconf 85' lang='grc' dir='ltr'><em>φησιν·</em></span> <span class='ocrx_word' id='word_1_29' title='bbox 986 598 1002 661; x_wconf 95' lang='lat'><em>6</em></span> <span class='ocrx_word' id='word_1_30' title='bbox 1021 597 1143 678; x_wconf 82' lang='grc' dir='ltr'><em>ὑπομεί-</em></span> 
     </span>
     <span class='ocr_line' id='line_1_5' title="bbox 127 687 658 774; baseline 0.004 -20"><span class='ocrx_word' id='word_1_31' title='bbox 127 718 182 768; x_wconf 87' lang='grc' dir='ltr'><em>νας</em></span> <span class='ocrx_word' id='word_1_32' title='bbox 205 693 247 767; x_wconf 91' lang='grc' dir='ltr'><em>είς</em></span> <span class='ocrx_word' id='word_1_33' title='bbox 269 692 350 768; x_wconf 91' lang='grc' dir='ltr'><em>τέλος</em></span> <span class='ocrx_word' id='word_1_34' title='bbox 372 687 459 768; x_wconf 86' lang='grc' dir='ltr'><em>οότος</em></span> <span class='ocrx_word' id='word_1_35' title='bbox 481 696 658 774; x_wconf 87' lang='grc' dir='ltr'><em>σωθήσεται.</em></span> 
     </span>
    </p>
   </div>
   <div class='ocr_carea' id='block_1_3' title="bbox 469 869 1182 956">
    <p class='ocr_par' dir='ltr' id='par_1_3' title="bbox 469 869 1182 956">
     <span class='ocr_line' id='line_1_6' title="bbox 469 869 1182 956; baseline 0.003 -22"><span class='ocrx_word' id='word_1_36' title='bbox 469 869 523 954; x_wconf 87' lang='grc' dir='ltr'><em>[δ’.</em></span> <span class='ocrx_word' id='word_1_37' title='bbox 556 873 645 956; x_wconf 82' lang='grc' dir='ltr'><em>Περί</em></span> <span class='ocrx_word' id='word_1_38' title='bbox 668 870 804 955; x_wconf 80' lang='grc' dir='ltr'><em>Γαίου]</em></span> <span class='ocrx_word' id='word_1_39' title='bbox 1170 895 1182 936; x_wconf 77' lang='lat'><strong>5</strong></span> 
     </span>
    </p>
   </div>
   <div class='ocr_carea' id='block_1_4' title="bbox 125 994 1240 2446">
    <p class='ocr_par' dir='ltr' id='par_1_4' title="bbox 125 994 1240 2446">
     <span class='ocr_line' id='line_1_7' title="bbox 194 994 1141 1078; baseline 0.004 -22"><span class='ocrx_word' id='word_1_40' title='bbox 194 995 282 1057; x_wconf 85' lang='grc' dir='ltr'><em>Μετδι</em></span> <span class='ocrx_word' id='word_1_41' title='bbox 305 994 338 1057; x_wconf 78' lang='grc' dir='ltr'><em>δέ</em></span> <span class='ocrx_word' id='word_1_42' title='bbox 364 994 498 1078; x_wconf 84' lang='grc' dir='ltr'><em>Τιβέριον</em></span> <span class='ocrx_word' id='word_1_43' title='bbox 523 997 690 1078; x_wconf 83' lang='grc' dir='ltr'><em>ἐβασίλευσε</em></span> <span class='ocrx_word' id='word_1_44' title='bbox 713 999 803 1070; x_wconf 86' lang='grc' dir='ltr'><em>Γάϊος</em></span> <span class='ocrx_word' id='word_1_45' title='bbox 825 998 890 1071; x_wconf 89' lang='grc' dir='ltr'><em>υίδς</em></span> <span class='ocrx_word' id='word_1_46' title='bbox 914 999 1005 1061; x_wconf 79' lang='grc' dir='ltr'><em>αὐτοῦ</em></span> <span class='ocrx_word' id='word_1_47' title='bbox 1028 1000 1078 1078; x_wconf 82' lang='grc' dir='ltr'><em>ἐτη</em></span> <span class='ocrx_word' id='word_1_48' title='bbox 1101 997 1141 1060; x_wconf 78' lang='grc' dir='ltr'><em>δ’.</em></span> 
     </span>
     <span class='ocr_line' id='line_1_8' title="bbox 128 1090 1142 1177; baseline 0.003 -22"><span class='ocrx_word' id='word_1_49' title='bbox 128 1090 161 1166; x_wconf 76' lang='grc' dir='ltr'><em>ὃς</em></span> <span class='ocrx_word' id='word_1_50' title='bbox 187 1093 220 1173; x_wconf 79' lang='grc' dir='ltr'><em>τό</em></span> <span class='ocrx_word' id='word_1_51' title='bbox 248 1091 302 1173; x_wconf 72' lang='grc' dir='ltr'><em>μέν</em></span> <span class='ocrx_word' id='word_1_52' title='bbox 330 1103 447 1175; x_wconf 80' lang='grc' dir='ltr'><em>πρῶτον</em></span> <span class='ocrx_word' id='word_1_53' title='bbox 475 1095 704 1177; x_wconf 81' lang='grc' dir='ltr'><em>μεγαλοφρόνως</em></span> <span class='ocrx_word' id='word_1_54' title='bbox 731 1096 823 1157; x_wconf 87' lang='grc' dir='ltr'><em>διεῖπε</em></span> <span class='ocrx_word' id='word_1_55' title='bbox 853 1105 906 1175; x_wconf 76' lang='grc' dir='ltr'><em>τῆς</em></span> <span class='ocrx_word' id='word_1_56' title='bbox 933 1098 1080 1176; x_wconf 82' lang='grc' dir='ltr'><em>βασιλείας</em></span> <span class='ocrx_word' id='word_1_57' title='bbox 1106 1097 1142 1157; x_wconf 86' lang='grc' dir='ltr'><em>τὰ</em></span> 
     </span>
     <span class='ocr_line' id='line_1_9' title="bbox 126 1191 1141 1275; baseline 0.005 -24"><span class='ocrx_word' id='word_1_58' title='bbox 126 1192 283 1274; x_wconf 86' lang='grc' dir='ltr'><em>πράγματα</em></span> <span class='ocrx_word' id='word_1_59' title='bbox 313 1191 364 1252; x_wconf 81' lang='grc' dir='ltr'><em>καί</em></span> <span class='ocrx_word' id='word_1_60' title='bbox 394 1202 467 1254; x_wconf 82' lang='grc' dir='ltr'><em>πᾶσι</em></span> <span class='ocrx_word' id='word_1_61' title='bbox 498 1199 560 1266; x_wconf 88' lang='grc' dir='ltr'><em>τοῖς</em></span> <span class='ocrx_word' id='word_1_62' title='bbox 591 1192 736 1272; x_wconf 74' lang='grc' dir='ltr'><em>ὑπηκόοις</em></span> <span class='ocrx_word' id='word_1_63' title='bbox 770 1193 964 1272; x_wconf 76' lang='grc' dir='ltr'><em>καθηκόντως</em></span> <span class='ocrx_word' id='word_1_64' title='bbox 996 1193 1141 1275; x_wconf 76' lang='grc' dir='ltr'><em>ἐκέχρητο,</em></span> 
     </span>
     <span class='ocr_line' id='line_1_10' title="bbox 127 1286 1141 1373; baseline 0.004 -24"><span class='ocrx_word' id='word_1_65' title='bbox 127 1289 249 1370; x_wconf 75' lang='grc' dir='ltr'><em>ὕστερον</em></span> <span class='ocrx_word' id='word_1_66' title='bbox 272 1286 306 1350; x_wconf 79' lang='grc' dir='ltr'><em>δέ</em></span> <span class='ocrx_word' id='word_1_67' title='bbox 328 1288 399 1368; x_wconf 83' lang='grc' dir='ltr'><em>μετὰ</em></span> <span class='ocrx_word' id='word_1_68' title='bbox 422 1289 478 1352; x_wconf 88' lang='grc' dir='ltr'><em>δόο</em></span> <span class='ocrx_word' id='word_1_69' title='bbox 501 1292 627 1373; x_wconf 81' lang='grc' dir='ltr'><em>χρόνους</em></span> <span class='ocrx_word' id='word_1_70' title='bbox 649 1290 751 1364; x_wconf 80' lang='grc' dir='ltr'><em>ἐκστάς</em></span> <span class='ocrx_word' id='word_1_71' title='bbox 773 1301 826 1371; x_wconf 81' lang='grc' dir='ltr'><em>τῆς</em></span> <span class='ocrx_word' id='word_1_72' title='bbox 848 1290 1043 1372; x_wconf 76' lang='grc' dir='ltr'><em>ἀνθρωπίνης</em></span> <span class='ocrx_word' id='word_1_73' title='bbox 1066 1314 1141 1372; x_wconf 83' lang='grc' dir='ltr'><em>φρο-</em></span> 
     </span>
     <span class='ocr_line' id='line_1_11' title="bbox 126 1386 1181 1471; baseline 0.003 -24"><span class='ocrx_word' id='word_1_74' title='bbox 126 1386 239 1465; x_wconf 85' lang='grc' dir='ltr'><em>νήσεως</em></span> <span class='ocrx_word' id='word_1_75' title='bbox 274 1387 348 1448; x_wconf 81' lang='grc' dir='ltr'><em>κατὰ</em></span> <span class='ocrx_word' id='word_1_76' title='bbox 384 1389 509 1467; x_wconf 85' lang='grc' dir='ltr'><em>μίμησιν</em></span> <span class='ocrx_word' id='word_1_77' title='bbox 544 1398 597 1450; x_wconf 83' lang='grc' dir='ltr'><em>τοῦ</em></span> <span class='ocrx_word' id='word_1_78' title='bbox 628 1388 738 1471; x_wconf 87' lang='grc' dir='ltr'><em>πατρὸς</em></span> <span class='ocrx_word' id='word_1_79' title='bbox 770 1388 876 1450; x_wconf 89' lang='grc' dir='ltr'><em>έαυτδν</em></span> <span class='ocrx_word' id='word_1_80' title='bbox 907 1386 1059 1451; x_wconf 73' lang='grc' dir='ltr'><em>ἀπεθέωσε</em></span> <span class='ocrx_word' id='word_1_81' title='bbox 1091 1389 1140 1451; x_wconf 78' lang='grc' dir='ltr'><em>καί</em></span> <span class='ocrx_word' id='word_1_82' title='bbox 1155 1411 1181 1450; x_wconf 78' lang='grc' dir='ltr'><em>το</em></span> 
     </span>
     <span class='ocr_line' id='line_1_12' title="bbox 126 1482 1141 1566; baseline 0.003 -21"><span class='ocrx_word' id='word_1_83' title='bbox 126 1482 288 1566; x_wconf 83' lang='grc' dir='ltr'><em>ἀνδριάντα</em></span> <span class='ocrx_word' id='word_1_84' title='bbox 310 1483 417 1546; x_wconf 79' lang='grc' dir='ltr'><em>ἑαυτοῦ</em></span> <span class='ocrx_word' id='word_1_85' title='bbox 439 1485 514 1546; x_wconf 86' lang='grc' dir='ltr'><em>κατὰ</em></span> <span class='ocrx_word' id='word_1_86' title='bbox 535 1485 622 1546; x_wconf 89' lang='grc' dir='ltr'><em>πόλιν</em></span> <span class='ocrx_word' id='word_1_87' title='bbox 645 1485 678 1547; x_wconf 92' lang='grc' dir='ltr'><em>ἐν</em></span> <span class='ocrx_word' id='word_1_88' title='bbox 700 1493 761 1560; x_wconf 83' lang='grc' dir='ltr'><em>τοῖς</em></span> <span class='ocrx_word' id='word_1_89' title='bbox 782 1493 867 1561; x_wconf 86' lang='grc' dir='ltr'><em>ναοῖς</em></span> <span class='ocrx_word' id='word_1_90' title='bbox 889 1485 1036 1549; x_wconf 89' lang='grc' dir='ltr'><em>ἀπέστειλε</em></span> <span class='ocrx_word' id='word_1_91' title='bbox 1054 1493 1141 1548; x_wconf 88' lang='grc' dir='ltr'><em>καθι-</em></span> 
     </span>
     <span class='ocr_line' id='line_1_13' title="bbox 128 1579 1141 1666; baseline 0.004 -24"><span class='ocrx_word' id='word_1_92' title='bbox 128 1582 305 1664; x_wconf 87' lang='grc' dir='ltr'><em>δρόσασθαι.</em></span> <span class='ocrx_word' id='word_1_93' title='bbox 352 1583 422 1666; x_wconf 86' lang='grc' dir='ltr'><em>όπερ</em></span> <span class='ocrx_word' id='word_1_94' title='bbox 445 1581 495 1643; x_wconf 79' lang='grc' dir='ltr'><em>καί</em></span> <span class='ocrx_word' id='word_1_95' title='bbox 518 1583 560 1656; x_wconf 87' lang='grc' dir='ltr'><em>είς</em></span> <span class='ocrx_word' id='word_1_96' title='bbox 582 1582 634 1644; x_wconf 85' lang='grc' dir='ltr'><em>τὸν</em></span> <span class='ocrx_word' id='word_1_97' title='bbox 657 1583 689 1645; x_wconf 94' lang='grc' dir='ltr'><em>ἐν</em></span> <span class='ocrx_word' id='word_1_98' title='bbox 706 1579 920 1666; x_wconf 84' lang='grc' dir='ltr'><em>Ἱεροσολύμοις</em></span> <span class='ocrx_word' id='word_1_99' title='bbox 942 1584 1017 1646; x_wconf 90' lang='grc' dir='ltr'><em>ναδν</em></span> <span class='ocrx_word' id='word_1_100' title='bbox 1035 1586 1141 1647; x_wconf 85' lang='grc' dir='ltr'><em>θεσπί-</em></span> 
     </span>
     <span class='ocr_line' id='line_1_14' title="bbox 127 1679 1240 1763; baseline 0.004 -24"><span class='ocrx_word' id='word_1_101' title='bbox 127 1694 181 1753; x_wconf 86' lang='grc' dir='ltr'><em>σας</em></span> <span class='ocrx_word' id='word_1_102' title='bbox 215 1679 285 1742; x_wconf 87' lang='grc' dir='ltr'><em>νέου</em></span> <span class='ocrx_word' id='word_1_103' title='bbox 321 1683 415 1742; x_wconf 82' lang='grc' dir='ltr'><em>Γαίου</em></span> <span class='ocrx_word' id='word_1_104' title='bbox 447 1680 526 1763; x_wconf 84' lang='grc' dir='ltr'><em>ἱερὸν</em></span> <span class='ocrx_word' id='word_1_105' title='bbox 561 1680 736 1762; x_wconf 78' lang='grc' dir='ltr'><em>προσέταξεν</em></span> <span class='ocrx_word' id='word_1_106' title='bbox 773 1680 977 1762; x_wconf 78' lang='grc' dir='ltr'><em>ὀνομάζεσθαι.</em></span> <span class='ocrx_word' id='word_1_107' title='bbox 1022 1682 1072 1744; x_wconf 85' lang='grc' dir='ltr'><em>καί</em></span> <span class='ocrx_word' id='word_1_108' title='bbox 1104 1683 1141 1746; x_wconf 81' lang='grc' dir='ltr'><em>οά</em></span> <span class='ocrx_word' id='word_1_109' title='bbox 1156 1705 1195 1745; x_wconf 75' lang='lat'><em>239</em></span> <span class='ocrx_word' id='word_1_110' title='bbox 1208 1705 1240 1744; x_wconf 78' lang='grc' dir='ltr'><em>ιτ.</em></span> 
     </span>
     <span class='ocr_line' id='line_1_15' title="bbox 127 1772 1139 1866; baseline 0.005 -28"><span class='ocrx_word' id='word_1_111' title='bbox 127 1776 220 1856; x_wconf 88' lang='grc' dir='ltr'><em>μόνον</em></span> <span class='ocrx_word' id='word_1_112' title='bbox 240 1772 404 1853; x_wconf 75' lang='grc' dir='ltr'><em>Ἰουδαίους</em></span> <span class='ocrx_word' id='word_1_113' title='bbox 426 1778 589 1860; x_wconf 87' lang='grc' dir='ltr'><em>ἐτυράννει,</em></span> <span class='ocrx_word' id='word_1_114' title='bbox 611 1777 684 1840; x_wconf 85' lang='grc' dir='ltr'><em>ἀλλὰ</em></span> <span class='ocrx_word' id='word_1_115' title='bbox 707 1779 757 1842; x_wconf 82' lang='grc' dir='ltr'><em>καί</em></span> <span class='ocrx_word' id='word_1_116' title='bbox 776 1781 889 1854; x_wconf 89' lang='grc' dir='ltr'><em>πάντας</em></span> <span class='ocrx_word' id='word_1_117' title='bbox 906 1780 976 1854; x_wconf 79' lang='grc' dir='ltr'><em>τοὺς</em></span> <span class='ocrx_word' id='word_1_118' title='bbox 994 1781 1026 1842; x_wconf 89' lang='grc' dir='ltr'><em>ἐν</em></span> <span class='ocrx_word' id='word_1_119' title='bbox 1044 1776 1139 1866; x_wconf 83' lang='grc' dir='ltr'><em>Ῥάμη</em></span> 
     </span>
     <span class='ocr_line' id='line_1_16' title="bbox 126 1874 1179 1959; baseline 0.003 -23"><span class='ocrx_word' id='word_1_120' title='bbox 126 1874 289 1955; x_wconf 78' lang='grc' dir='ltr'><em>ἐπισήμους</em></span> <span class='ocrx_word' id='word_1_121' title='bbox 312 1874 443 1958; x_wconf 81' lang='grc' dir='ltr'><em>ἀναιρῶν</em></span> <span class='ocrx_word' id='word_1_122' title='bbox 465 1876 629 1957; x_wconf 74' lang='grc' dir='ltr'><em>ἐλάμβανεν</em></span> <span class='ocrx_word' id='word_1_123' title='bbox 652 1876 751 1939; x_wconf 81' lang='grc' dir='ltr'><em>αὐτῶν</em></span> <span class='ocrx_word' id='word_1_124' title='bbox 773 1876 825 1951; x_wconf 88' lang='grc' dir='ltr'><em>τάς</em></span> <span class='ocrx_word' id='word_1_125' title='bbox 847 1877 958 1950; x_wconf 77' lang='grc' dir='ltr'><em>οὐσίας.</em></span> <span class='ocrx_word' id='word_1_126' title='bbox 995 1877 1046 1938; x_wconf 84' lang='grc' dir='ltr'><em>καί</em></span> <span class='ocrx_word' id='word_1_127' title='bbox 1065 1877 1139 1959; x_wconf 87' lang='grc' dir='ltr'><em>πρὸς</em></span> <span class='ocrx_word' id='word_1_128' title='bbox 1154 1899 1179 1939; x_wconf 80' lang='lat'><em>1⁵</em></span> 
     </span>
     <span class='ocr_line' id='line_1_17' title="bbox 125 1972 1140 2057; baseline 0.001 -23"><span class='ocrx_word' id='word_1_129' title='bbox 125 1973 240 2046; x_wconf 82' lang='grc' dir='ltr'><em>τούτοις</em></span> <span class='ocrx_word' id='word_1_130' title='bbox 263 1975 476 2054; x_wconf 83' lang='grc' dir='ltr'><em>δουλοκρατίαν</em></span> <span class='ocrx_word' id='word_1_131' title='bbox 498 1975 703 2054; x_wconf 79' lang='grc' dir='ltr'><em>νομοθετήσας</em></span> <span class='ocrx_word' id='word_1_132' title='bbox 726 1972 864 2056; x_wconf 85' lang='grc' dir='ltr'><em>ἐπέτρεψε</em></span> <span class='ocrx_word' id='word_1_133' title='bbox 887 1981 1061 2057; x_wconf 86' lang='grc' dir='ltr'><em>κατηγορεῖν</em></span> <span class='ocrx_word' id='word_1_134' title='bbox 1081 1985 1140 2035; x_wconf 83' lang='grc' dir='ltr'><em>τῶν</em></span> 
     </span>
     <span class='ocr_line' id='line_1_18' title="bbox 126 2070 1140 2152; baseline 0.001 -21"><span class='ocrx_word' id='word_1_135' title='bbox 126 2071 287 2152; x_wconf 83' lang='grc' dir='ltr'><em>δεσποτῶν,</em></span> <span class='ocrx_word' id='word_1_136' title='bbox 309 2072 385 2132; x_wconf 80' lang='grc' dir='ltr'><em>εἴτι</em></span> <span class='ocrx_word' id='word_1_137' title='bbox 407 2073 571 2134; x_wconf 90' lang='grc' dir='ltr'><em>συνείδοιεν</em></span> <span class='ocrx_word' id='word_1_138' title='bbox 598 2073 699 2145; x_wconf 74' lang='grc' dir='ltr'><em>αὐτοῖς</em></span> <span class='ocrx_word' id='word_1_139' title='bbox 725 2070 930 2151; x_wconf 77' lang='grc' dir='ltr'><em>πλημμέλημα.</em></span> <span class='ocrx_word' id='word_1_140' title='bbox 976 2071 1140 2133; x_wconf 80' lang='grc' dir='ltr'><em>κάντεῦθεν</em></span> 
     </span>
     <span class='ocr_line' id='line_1_19' title="bbox 126 2166 1139 2250; baseline 0.001 -22"><span class='ocrx_word' id='word_1_141' title='bbox 126 2167 209 2247; x_wconf 86' lang='grc' dir='ltr'><em>δεινή</em></span> <span class='ocrx_word' id='word_1_142' title='bbox 233 2168 375 2249; x_wconf 80' lang='grc' dir='ltr'><em>συμφορὰ</em></span> <span class='ocrx_word' id='word_1_143' title='bbox 400 2169 569 2248; x_wconf 79' lang='grc' dir='ltr'><em>κατειλήφει</em></span> <span class='ocrx_word' id='word_1_144' title='bbox 595 2171 651 2249; x_wconf 86' lang='grc' dir='ltr'><em>τήν</em></span> <span class='ocrx_word' id='word_1_145' title='bbox 674 2166 854 2248; x_wconf 75' lang='grc' dir='ltr'><em>οἰκουμένην</em></span> <span class='ocrx_word' id='word_1_146' title='bbox 878 2178 991 2250; x_wconf 82' lang='grc' dir='ltr'><em>πᾶσαν,</em></span> <span class='ocrx_word' id='word_1_147' title='bbox 1014 2178 1073 2229; x_wconf 82' lang='grc' dir='ltr'><em>τῶν</em></span> <span class='ocrx_word' id='word_1_148' title='bbox 1096 2169 1139 2230; x_wconf 87' lang='grc' dir='ltr'><em>οί-</em></span> 
     </span>
     <span class='ocr_line' id='line_1_20' title="bbox 126 2266 1138 2348; baseline 0.001 -22"><span class='ocrx_word' id='word_1_149' title='bbox 126 2274 218 2326; x_wconf 81' lang='grc' dir='ltr'><em>κετῶν</em></span> <span class='ocrx_word' id='word_1_150' title='bbox 255 2266 392 2348; x_wconf 89' lang='grc' dir='ltr'><em>μεγάλαις</em></span> <span class='ocrx_word' id='word_1_151' title='bbox 428 2269 579 2348; x_wconf 90' lang='grc' dir='ltr'><em>τιμωρίαις</em></span> <span class='ocrx_word' id='word_1_152' title='bbox 613 2266 843 2348; x_wconf 76' lang='grc' dir='ltr'><em>ἀποβαλλόντων</em></span> <span class='ocrx_word' id='word_1_153' title='bbox 882 2266 952 2341; x_wconf 80' lang='grc' dir='ltr'><em>τοὺς</em></span> <span class='ocrx_word' id='word_1_154' title='bbox 988 2267 1138 2338; x_wconf 88' lang='grc' dir='ltr'><em>δεσπότας.</em></span> 
     </span>
     <span class='ocr_line' id='line_1_21' title="bbox 128 2361 1179 2446; baseline 0.002 -22"><span class='ocrx_word' id='word_1_155' title='bbox 128 2361 247 2436; x_wconf 71' lang='grc' dir='ltr'><em>ἕκαστος</em></span> <span class='ocrx_word' id='word_1_156' title='bbox 268 2363 323 2446; x_wconf 84' lang='grc' dir='ltr'><em>γὰρ</em></span> <span class='ocrx_word' id='word_1_157' title='bbox 347 2365 445 2427; x_wconf 76' lang='grc' dir='ltr'><em>αὐτῶν</em></span> <span class='ocrx_word' id='word_1_158' title='bbox 468 2363 642 2444; x_wconf 82' lang='grc' dir='ltr'><em>ἀμύνασθαι</em></span> <span class='ocrx_word' id='word_1_159' title='bbox 665 2364 717 2426; x_wconf 87' lang='grc' dir='ltr'><em>τόν</em></span> <span class='ocrx_word' id='word_1_160' title='bbox 744 2364 824 2425; x_wconf 81' lang='grc' dir='ltr'><em>ἴδιον</em></span> <span class='ocrx_word' id='word_1_161' title='bbox 851 2363 1010 2437; x_wconf 76' lang='grc' dir='ltr'><em>ἐσπούδαζε</em></span> <span class='ocrx_word' id='word_1_162' title='bbox 1034 2363 1138 2426; x_wconf 87' lang='grc' dir='ltr'><em>δεσπό-</em></span> <span class='ocrx_word' id='word_1_163' title='bbox 1153 2387 1179 2426; x_wconf 80' lang='grc' dir='ltr'><em>το</em></span> 
     </span>
    </p>
   </div>
   <div class='ocr_carea' id='block_1_5' title="bbox 124 2543 1138 2759">
    <p class='ocr_par' dir='ltr' id='par_1_5' title="bbox 124 2543 1138 2759">
     <span class='ocr_line' id='line_1_22' title="bbox 197 2543 1138 2614; baseline 0.003 -18"><span class='ocrx_word' id='word_1_164' title='bbox 197 2549 212 2596; x_wconf 75' lang='lat'><strong>2</strong></span> <span class='ocrx_word' id='word_1_165' title='bbox 232 2543 303 2598; x_wconf 93' lang='lat' dir='ltr'>Phil.</span> <span class='ocrx_word' id='word_1_166' title='bbox 322 2551 347 2612; x_wconf 84' lang='lat'><em>1,</em></span> <span class='ocrx_word' id='word_1_167' title='bbox 362 2549 386 2598; x_wconf 87' lang='grc'><em>6.</em></span> <span class='ocrx_word' id='word_1_168' title='bbox 406 2576 439 2584; x_wconf 97' lang='grc'><strong>-</strong></span> <span class='ocrx_word' id='word_1_169' title='bbox 458 2550 475 2598; x_wconf 82' lang='grc'>3</span> <span class='ocrx_word' id='word_1_170' title='bbox 494 2545 594 2598; x_wconf 72' lang='lat' dir='ltr'><strong>Matth.</strong></span> <span class='ocrx_word' id='word_1_171' title='bbox 611 2551 656 2612; x_wconf 74' lang='lat'><em>24,</em></span> <span class='ocrx_word' id='word_1_172' title='bbox 672 2551 713 2600; x_wconf 83' lang='lat'><em>13.</em></span> <span class='ocrx_word' id='word_1_173' title='bbox 733 2577 767 2586; x_wconf 91' lang='grc'>-</span> <span class='ocrx_word' id='word_1_174' title='bbox 787 2550 875 2599; x_wconf 82' lang='grc'><strong>7-10</strong></span> <span class='ocrx_word' id='word_1_175' title='bbox 892 2547 926 2614; x_wconf 68' lang='lat' dir='ltr'><em>cf.</em></span> <span class='ocrx_word' id='word_1_176' title='bbox 945 2544 1058 2613; x_wconf 81' lang='lat' dir='ltr'>Ioseph.</span> <span class='ocrx_word' id='word_1_177' title='bbox 1072 2545 1138 2600; x_wconf 77' lang='lat' dir='ltr'><strong>Ant.</strong></span> 
     </span>
     <span class='ocr_line' id='line_1_23' title="bbox 124 2613 1138 2686; baseline 0.001 -18"><span class='ocrx_word' id='word_1_178' title='bbox 124 2613 227 2683; x_wconf 82' lang='lat' dir='ltr'>XVIII,</span> <span class='ocrx_word' id='word_1_179' title='bbox 242 2621 302 2670; x_wconf 74' lang='lat'><em>266.</em></span> <span class='ocrx_word' id='word_1_180' title='bbox 323 2646 358 2656; x_wconf 91' lang='lat'><em>-</em></span> <span class='ocrx_word' id='word_1_181' title='bbox 382 2620 496 2669; x_wconf 85' lang='grc'><strong>10-13</strong></span> <span class='ocrx_word' id='word_1_182' title='bbox 515 2616 615 2670; x_wconf 79' lang='grc' dir='ltr'><em>Εαεολ).</em></span> <span class='ocrx_word' id='word_1_183' title='bbox 630 2617 665 2670; x_wconf 94' lang='grc' dir='ltr'><em>Η.</em></span> <span class='ocrx_word' id='word_1_184' title='bbox 681 2617 747 2671; x_wconf 79' lang='lat' dir='ltr'>eccl.</span> <span class='ocrx_word' id='word_1_185' title='bbox 762 2616 800 2684; x_wconf 94' lang='grc' dir='ltr'><em>Π,</em></span> <span class='ocrx_word' id='word_1_186' title='bbox 815 2623 844 2684; x_wconf 89' lang='grc'><em>6,</em></span> <span class='ocrx_word' id='word_1_187' title='bbox 860 2623 883 2672; x_wconf 79' lang='lat'><em>2.</em></span> <span class='ocrx_word' id='word_1_188' title='bbox 903 2647 937 2656; x_wconf 95' lang='lat'>—</span> <span class='ocrx_word' id='word_1_189' title='bbox 958 2622 1062 2686; x_wconf 77' lang='lat' dir='ltr'><strong>¹3-P·</strong></span> <span class='ocrx_word' id='word_1_190' title='bbox 1078 2622 1138 2686; x_wconf 76' lang='lat'><em>324,</em></span> 
     </span>
     <span class='ocr_line' id='line_1_24' title="bbox 127 2686 728 2759; baseline 0.003 -20"><span class='ocrx_word' id='word_1_191' title='bbox 127 2692 142 2739; x_wconf 94' lang='lat'>1</span> <span class='ocrx_word' id='word_1_192' title='bbox 161 2688 304 2756; x_wconf 75' lang='grc' dir='ltr'><em>Εαοοτμτα</em></span> <span class='ocrx_word' id='word_1_193' title='bbox 324 2703 337 2741; x_wconf 86' lang='lat' dir='ltr'><strong><em>e</em></strong></span> <span class='ocrx_word' id='word_1_194' title='bbox 350 2686 462 2756; x_wconf 79' lang='lat' dir='ltr'>Ioseph.</span> <span class='ocrx_word' id='word_1_195' title='bbox 477 2688 542 2741; x_wconf 75' lang='lat' dir='ltr'><strong>Ant.</strong></span> <span class='ocrx_word' id='word_1_196' title='bbox 561 2687 632 2756; x_wconf 77' lang='lat' dir='ltr'><em>m,</em></span> <span class='ocrx_word' id='word_1_197' title='bbox 648 2693 728 2759; x_wconf 76' lang='lat' dir='ltr'>lsqq.</span> 
     </span>
    </p>
   </div>
   <div class='ocr_carea' id='block_1_6' title="bbox 124 2836 1137 3260">
    <p class='ocr_par' dir='ltr' id='par_1_6' title="bbox 124 2836 1137 3260">
     <span class='ocr_line' id='line_1_25' title="bbox 197 2836 1137 2908; baseline 0.004 -18"><span class='ocrx_word' id='word_1_198' title='bbox 197 2842 213 2890; x_wconf 82' lang='grc'><strong>6</strong></span> <span class='ocrx_word' id='word_1_199' title='bbox 233 2836 247 2891; x_wconf 88' lang='lat'><em>6</em></span> <span class='ocrx_word' id='word_1_200' title='bbox 267 2837 328 2901; x_wconf 83' lang='grc' dir='ltr'><em>υίὸς</em></span> <span class='ocrx_word' id='word_1_201' title='bbox 341 2838 413 2891; x_wconf 84' lang='lat' dir='ltr'><em>ABF</em></span> <span class='ocrx_word' id='word_1_202' title='bbox 432 2838 552 2908; x_wconf 84' lang='grc' dir='ltr'><em>ἀνεψιὸς</em></span> <span class='ocrx_word' id='word_1_203' title='bbox 565 2839 591 2892; x_wconf 88' lang='lat' dir='ltr'><strong>R</strong></span> <span class='ocrx_word' id='word_1_204' title='bbox 608 2838 711 2901; x_wconf 82' lang='grc' dir='ltr'><em>υἱωνὸς</em></span> <span class='ocrx_word' id='word_1_205' title='bbox 724 2839 750 2893; x_wconf 87' lang='lat' dir='ltr'><strong>V</strong></span> <span class='ocrx_word' id='word_1_206' title='bbox 767 2855 836 2894; x_wconf 77' lang='grc' dir='ltr'><em>οονν.</em></span> <span class='ocrx_word' id='word_1_207' title='bbox 851 2856 885 2894; x_wconf 67' lang='lat' dir='ltr'><em>ew</em></span> <span class='ocrx_word' id='word_1_208' title='bbox 898 2838 959 2902; x_wconf 82' lang='grc' dir='ltr'><em>υίὸς</em></span> <span class='ocrx_word' id='word_1_209' title='bbox 972 2857 1006 2894; x_wconf 86' lang='lat' dir='ltr'><em>m.</em></span> <span class='ocrx_word' id='word_1_210' title='bbox 1021 2843 1056 2906; x_wconf 78' lang='grc'><em>2,·</em></span> <span class='ocrx_word' id='word_1_211' title='bbox 1073 2841 1137 2894; x_wconf 77' lang='lat' dir='ltr'><strong><em>item</em></strong></span> 
     </span>
     <span class='ocr_line' id='line_1_26' title="bbox 124 2907 1137 3036; baseline 0 -2"><span class='ocrx_word' id='word_1_212' title='bbox 124 2908 523 3035; x_wconf 49' lang='lat' dir='ltr'><em>IIIIIIIJIIIIZII</em></span> <span class='ocrx_word' id='word_1_213' title='bbox 534 2907 778 3036; x_wconf 48' lang='grc' dir='ltr'><em>ίόέάέάόίάῗ</em></span> <span class='ocrx_word' id='word_1_214' title='bbox 792 2943 827 3036; x_wconf 62' lang='grc' dir='ltr'><em>λ</em></span> <span class='ocrx_word' id='word_1_215' title='bbox 841 2910 1137 3036; x_wconf 62' lang='lat' dir='ltr'><em>6⁰i&#39;.“&#39;1⁰1³⁹6622{26</em></span> 
     </span>
     <span class='ocr_line' id='line_1_27' title="bbox 125 3000 1137 3120; baseline 0.002 -16"><span class='ocrx_word' id='word_1_216' title='bbox 125 3056 195 3104; x_wconf 81' lang='lat'><em>-12</em></span> <span class='ocrx_word' id='word_1_217' title='bbox 215 3000 403 3120; x_wconf 62' lang='grc' dir='ltr'><em>ἱεροσάιλςόμοις</em></span> <span class='ocrx_word' id='word_1_218' title='bbox 422 3069 473 3106; x_wconf 84' lang='lat' dir='ltr'><em>om.</em></span> <span class='ocrx_word' id='word_1_219' title='bbox 487 3050 620 3106; x_wconf 75' lang='lat' dir='ltr'>BCFLR.</span> <span class='ocrx_word' id='word_1_220' title='bbox 640 3083 674 3092; x_wconf 91' lang='lat'><em>-</em></span> <span class='ocrx_word' id='word_1_221' title='bbox 699 3058 732 3106; x_wconf 84' lang='grc'><em>16</em></span> <span class='ocrx_word' id='word_1_222' title='bbox 752 3023 954 3120; x_wconf 77' lang='grc' dir='ltr'><em>δουλοκρατίαν</em></span> <span class='ocrx_word' id='word_1_223' title='bbox 973 3052 1021 3106; x_wconf 70' lang='grc' dir='ltr'><em>ΡΒ</em></span> <span class='ocrx_word' id='word_1_224' title='bbox 1038 3041 1137 3107; x_wconf 86' lang='grc' dir='ltr'><em>δουλο-</em></span> 
     </span>
     <span class='ocr_line' id='line_1_28' title="bbox 124 3118 1136 3192; baseline 0 -16"><span class='ocrx_word' id='word_1_225' title='bbox 124 3118 258 3189; x_wconf 84' lang='grc' dir='ltr'><em>κρατείαν</em></span> <span class='ocrx_word' id='word_1_226' title='bbox 281 3121 385 3177; x_wconf 81' lang='lat' dir='ltr'>CDPV</span> <span class='ocrx_word' id='word_1_227' title='bbox 412 3122 629 3192; x_wconf 84' lang='grc' dir='ltr'><em>δουλοκράτειαν</em></span> <span class='ocrx_word' id='word_1_228' title='bbox 651 3123 765 3177; x_wconf 83' lang='lat' dir='ltr'><strong>ABLM.</strong></span> <span class='ocrx_word' id='word_1_229' title='bbox 791 3155 824 3163; x_wconf 96' lang='lat'><strong>—</strong></span> <span class='ocrx_word' id='word_1_230' title='bbox 849 3129 881 3179; x_wconf 75' lang='grc'><em>17</em></span> <span class='ocrx_word' id='word_1_231' title='bbox 902 3127 1057 3179; x_wconf 83' lang='grc' dir='ltr'><em>συνειδοῑεν</em></span> <span class='ocrx_word' id='word_1_232' title='bbox 1079 3123 1136 3176; x_wconf 85' lang='lat' dir='ltr'><em>NR</em></span> 
     </span>
     <span class='ocr_line' id='line_1_29' title="bbox 125 3191 987 3260; baseline 0.002 -14"><span class='ocrx_word' id='word_1_233' title='bbox 125 3191 274 3260; x_wconf 88' lang='grc' dir='ltr'><em>συνήδοιεν</em></span> <span class='ocrx_word' id='word_1_234' title='bbox 293 3192 314 3248; x_wconf 82' lang='lat' dir='ltr'>C</span> <span class='ocrx_word' id='word_1_235' title='bbox 337 3191 479 3249; x_wconf 85' lang='grc' dir='ltr'><em>συνίδοιεν</em></span> <span class='ocrx_word' id='word_1_236' title='bbox 491 3193 566 3248; x_wconf 79' lang='lat' dir='ltr'><em>ALV</em></span> <span class='ocrx_word' id='word_1_237' title='bbox 584 3191 620 3250; x_wconf 86' lang='grc' dir='ltr'><em>διν</em></span> <span class='ocrx_word' id='word_1_238' title='bbox 639 3195 742 3250; x_wconf 83' lang='grc' dir='ltr'><em>είδοῖεν</em></span> <span class='ocrx_word' id='word_1_239' title='bbox 762 3193 838 3248; x_wconf 79' lang='lat' dir='ltr'>Suid.</span> <span class='ocrx_word' id='word_1_240' title='bbox 853 3213 877 3250; x_wconf 92' lang='grc' dir='ltr'><em>υ.</em></span> <span class='ocrx_word' id='word_1_241' title='bbox 892 3194 987 3256; x_wconf 82' lang='grc' dir='ltr'><em>Γάϊος.</em></span> 
     </span>
    </p>
   </div>
   <div class='ocr_carea' id='block_1_7' title="bbox 123 3329 1137 3557">
    <p class='ocr_par' dir='ltr' id='par_1_7' title="bbox 123 3329 1137 3557">
     <span class='ocr_line' id='line_1_30' title="bbox 197 3329 1137 3415; baseline 0.002 -18"><span class='ocrx_word' id='word_1_242' title='bbox 197 3350 212 3397; x_wconf 77' lang='grc' dir='ltr'><em>ι</em></span> <span class='ocrx_word' id='word_1_243' title='bbox 233 3344 262 3399; x_wconf 74' lang='grc' dir='ltr'><em>τι</em></span> <span class='ocrx_word' id='word_1_244' title='bbox 280 3345 347 3415; x_wconf 73' lang='grc' dir='ltr'><em>εμπ</em></span> <span class='ocrx_word' id='word_1_245' title='bbox 365 3351 392 3400; x_wconf 73' lang='grc' dir='ltr'><em>ιι</em></span> <span class='ocrx_word' id='word_1_246' title='bbox 409 3351 424 3398; x_wconf 80' lang='grc' dir='ltr'><em>ε</em></span> <span class='ocrx_word' id='word_1_247' title='bbox 444 3345 492 3400; x_wconf 66' lang='grc' dir='ltr'><em>και</em></span> <span class='ocrx_word' id='word_1_248' title='bbox 506 3361 557 3400; x_wconf 75' lang='lat' dir='ltr'><em>om.</em></span> <span class='ocrx_word' id='word_1_249' title='bbox 571 3345 600 3399; x_wconf 84' lang='lat' dir='ltr'><em>P.</em></span> <span class='ocrx_word' id='word_1_250' title='bbox 616 3377 650 3385; x_wconf 88' lang='lat'><em>-</em></span> <span class='ocrx_word' id='word_1_251' title='bbox 670 3351 686 3399; x_wconf 83' lang='lat'><strong>3</strong></span> <span class='ocrx_word' id='word_1_252' title='bbox 705 3346 773 3401; x_wconf 75' lang='grc' dir='ltr'><em>Ροα</em></span> <span class='ocrx_word' id='word_1_253' title='bbox 790 3329 972 3402; x_wconf 63' lang='grc' dir='ltr'><em>ελπαισειε</em></span> <span class='ocrx_word' id='word_1_254' title='bbox 991 3346 1070 3400; x_wconf 58' lang='grc' dir='ltr'><em>σομε</em></span> <span class='ocrx_word' id='word_1_255' title='bbox 1088 3346 1137 3399; x_wconf 70' lang='grc' dir='ltr'><em>και</em></span> 
     </span>
     <span class='ocr_line' id='line_1_31' title="bbox 124 3414 1135 3488; baseline 0.001 -19"><span class='ocrx_word' id='word_1_256' title='bbox 124 3414 140 3469; x_wconf 90' lang='grc' dir='ltr'><em>ό</em></span> <span class='ocrx_word' id='word_1_257' title='bbox 160 3416 252 3471; x_wconf 84' lang='grc' dir='ltr'><em>δοκῶν</em></span> <span class='ocrx_word' id='word_1_258' title='bbox 267 3415 381 3470; x_wconf 81' lang='grc' dir='ltr'><em>ἑστάναι</em></span> <span class='ocrx_word' id='word_1_259' title='bbox 395 3415 514 3488; x_wconf 79' lang='grc' dir='ltr'><em>βλεπέτω</em></span> <span class='ocrx_word' id='word_1_260' title='bbox 528 3416 565 3486; x_wconf 84' lang='grc' dir='ltr'><em>μή</em></span> <span class='ocrx_word' id='word_1_261' title='bbox 578 3414 657 3472; x_wconf 86' lang='grc' dir='ltr'><em>πέσει</em></span> <span class='ocrx_word' id='word_1_262' title='bbox 672 3421 727 3486; x_wconf 88' lang='grc' dir='ltr'><em>(-ση</em></span> <span class='ocrx_word' id='word_1_263' title='bbox 742 3421 805 3472; x_wconf 68' lang='grc' dir='ltr'><em>καθ</em></span> <span class='ocrx_word' id='word_1_264' title='bbox 818 3419 897 3486; x_wconf 73' lang='lat' dir='ltr'><em>corr.)</em></span> <span class='ocrx_word' id='word_1_265' title='bbox 912 3415 942 3488; x_wconf 88' lang='lat' dir='ltr'><em>(I</em></span> <span class='ocrx_word' id='word_1_266' title='bbox 953 3415 1013 3471; x_wconf 81' lang='lat' dir='ltr'>Cor.</span> <span class='ocrx_word' id='word_1_267' title='bbox 1030 3419 1135 3486; x_wconf 60' lang='lat'>1612).</span> 
     </span>
     <span class='ocr_line' id='line_1_32' title="bbox 123 3486 1134 3557; baseline 0.001 -18"><span class='ocrx_word' id='word_1_268' title='bbox 123 3517 159 3526; x_wconf 90' lang='lat'><em>-</em></span> <span class='ocrx_word' id='word_1_269' title='bbox 179 3491 194 3539; x_wconf 82' lang='grc'><strong>7</strong></span> <span class='ocrx_word' id='word_1_270' title='bbox 214 3488 418 3557; x_wconf 82' lang='grc' dir='ltr'><em>μεγαλοφάνως</em></span> <span class='ocrx_word' id='word_1_271' title='bbox 430 3487 461 3542; x_wconf 92' lang='grc' dir='ltr'><em>Ρ.</em></span> <span class='ocrx_word' id='word_1_272' title='bbox 477 3520 510 3528; x_wconf 95' lang='grc'>-</span> <span class='ocrx_word' id='word_1_273' title='bbox 531 3494 563 3542; x_wconf 93' lang='grc'><em>11</em></span> <span class='ocrx_word' id='word_1_274' title='bbox 582 3486 654 3542; x_wconf 84' lang='grc' dir='ltr'><em>κατὰ</em></span> <span class='ocrx_word' id='word_1_275' title='bbox 672 3486 754 3543; x_wconf 83' lang='grc' dir='ltr'><em>πόλιν</em></span> <span class='ocrx_word' id='word_1_276' title='bbox 773 3487 874 3544; x_wconf 74' lang='grc' dir='ltr'><em>ἑαυτοῦ</em></span> <span class='ocrx_word' id='word_1_277' title='bbox 892 3488 922 3542; x_wconf 90' lang='grc' dir='ltr'><em>Ρ.</em></span> <span class='ocrx_word' id='word_1_278' title='bbox 937 3519 971 3528; x_wconf 90' lang='lat'><em>-</em></span> <span class='ocrx_word' id='word_1_279' title='bbox 991 3487 1021 3543; x_wconf 86' lang='grc' dir='ltr'><em>ἐν</em></span> <span class='ocrx_word' id='word_1_280' title='bbox 1040 3504 1090 3542; x_wconf 86' lang='lat' dir='ltr'><em>om.</em></span> <span class='ocrx_word' id='word_1_281' title='bbox 1105 3488 1134 3540; x_wconf 92' lang='lat' dir='ltr'><em>P.</em></span> 
     </span>
    </p>
   </div>
   <div class='ocr_carea' id='block_1_8' title="bbox 123 3557 1137 3702">
    <p class='ocr_par' dir='ltr' id='par_1_8' title="bbox 123 3557 1137 3702">
     <span class='ocr_line' id='line_1_33' title="bbox 123 3557 1137 3628; baseline 0.001 -17"><span class='ocrx_word' id='word_1_282' title='bbox 123 3589 159 3598; x_wconf 90' lang='lat'><em>-</em></span> <span class='ocrx_word' id='word_1_283' title='bbox 179 3562 213 3611; x_wconf 79' lang='grc'><em>18</em></span> <span class='ocrx_word' id='word_1_284' title='bbox 229 3557 418 3627; x_wconf 79' lang='grc' dir='ltr'><em>ὀνομάζεσθαι</em></span> <span class='ocrx_word' id='word_1_285' title='bbox 429 3557 597 3628; x_wconf 78' lang='grc' dir='ltr'><em>προσέταξεν</em></span> <span class='ocrx_word' id='word_1_286' title='bbox 610 3559 639 3612; x_wconf 93' lang='grc' dir='ltr'><em>Ρ.</em></span> <span class='ocrx_word' id='word_1_287' title='bbox 655 3590 691 3598; x_wconf 91' lang='grc'><strong>-</strong></span> <span class='ocrx_word' id='word_1_288' title='bbox 705 3565 738 3613; x_wconf 82' lang='lat'><em>15</em></span> <span class='ocrx_word' id='word_1_289' title='bbox 753 3561 845 3614; x_wconf 76' lang='grc' dir='ltr'><em>αὐτῶν</em></span> <span class='ocrx_word' id='word_1_290' title='bbox 859 3577 909 3615; x_wconf 83' lang='lat' dir='ltr'><em>om.</em></span> <span class='ocrx_word' id='word_1_291' title='bbox 924 3559 954 3614; x_wconf 91' lang='lat' dir='ltr'><em>P.</em></span> <span class='ocrx_word' id='word_1_292' title='bbox 970 3591 1003 3599; x_wconf 96' lang='lat'>—</span> <span class='ocrx_word' id='word_1_293' title='bbox 1025 3563 1057 3613; x_wconf 87' lang='lat'><em>19</em></span> <span class='ocrx_word' id='word_1_294' title='bbox 1071 3559 1137 3621; x_wconf 80' lang='grc' dir='ltr'><em>τοὺς</em></span> 
     </span>
     <span class='ocr_line' id='line_1_34' title="bbox 124 3625 676 3702; baseline 0.004 -20"><span class='ocrx_word' id='word_1_295' title='bbox 124 3625 263 3692; x_wconf 85' lang='grc' dir='ltr'><em>δεσπότας</em></span> <span class='ocrx_word' id='word_1_296' title='bbox 280 3628 412 3700; x_wconf 78' lang='grc' dir='ltr'><em>μεγάλαις</em></span> <span class='ocrx_word' id='word_1_297' title='bbox 429 3649 483 3700; x_wconf 88' lang='grc' dir='ltr'><em>τιμ.</em></span> <span class='ocrx_word' id='word_1_298' title='bbox 497 3630 629 3702; x_wconf 61' lang='lat' dir='ltr'><strong><em>mauu.</em></strong></span> <span class='ocrx_word' id='word_1_299' title='bbox 644 3630 676 3684; x_wconf 89' lang='grc' dir='ltr'><em>Ρ.</em></span> 
     </span>
    </p>
   </div>
   <div class='ocr_carea' id='block_1_9' title="bbox 923 3720 976 3774">
    <p class='ocr_par' dir='ltr' id='par_1_9' title="bbox 923 3720 976 3774">
     <span class='ocr_line' id='line_1_35' title="bbox 923 3720 976 3774; baseline -0.019 0"><span class='ocrx_word' id='word_1_300' title='bbox 923 3720 976 3774; x_wconf 79' lang='lat'><em>21*</em></span> 
     </span>
    </p>
   </div>
   <div class='ocr_carea' id='block_1_10' title="bbox 0 0 1314 3909">
    <p class='ocr_par' dir='ltr' id='par_1_10' title="bbox 0 0 1314 3909">
     <span class='ocr_line' id='line_1_36' title="bbox 0 0 1314 3909; baseline 0 1"><span class='ocrx_word' id='word_1_301' title='bbox 0 0 1314 3909; x_wconf 95' lang='lat' dir='ltr'><em> </em></span> 
     </span>
    </p>
   </div>
  </div>
 </body>
</html>
