2617 3909
525 243 715 294 xpomxon
1066 243 1128 308 157

185 387 284 472 Ταύτχ
307 389 355 450 τοί
375 408 451 468 φησι
477 386 567 450 καῖδ
594 389 672 470 ἱερὸς
692 385 851 472 Ἰσίδωρος·
875 387 895 469 ἡ
918 401 977 452 τῶν
1000 389 1131 473 ἁμαρτη-

111 487 217 566 μάτων
234 486 364 560 ἐπίτασις
381 485 538 568 ἀναγκάζει
556 486 654 569 ὥσπερ
673 487 728 567 τὴν
747 490 835 550 θείαν
848 488 898 550 καὶ
912 487 1017 569 ἀπαθῆ
1037 489 1131 569 φύσιν

111 585 148 647 ἐκ
170 594 223 664 τῆς
245 584 319 646 κατὰ
342 584 436 663 φύσιν
458 584 643 666 ἀγαθότητος
665 585 709 658 είς
730 584 785 664 τὴν
808 585 889 668 παρά
911 587 1004 665 φύσιν
1026 592 1131 667 χωρεῖν

113 681 218 766 ἀργήν.
263 683 338 744 ὅθεν
360 683 410 744 καί
429 677 585 757 Ἰουδαίοις
607 682 668 762 ἐφη
686 682 825 765 Χριστός·
849 685 974 758 ποσάκις
996 683 1131 765 ἠθέλησα

113 781 342 864 ἐπισυναγαγεῖν
355 779 444 860 ύμῖις,
462 779 511 842 καὶ
525 781 581 842 ούκ
594 779 768 860 ἠθελήσατε.
801 781 869 843 ἰδού
882 781 1001 860 ἀφίεται
1018 781 1035 845 δ
1050 776 1131 856 οἶκος
1158 805 1171 845 5

113 877 202 957 ὑμῶν
218 877 336 960 ἔρημος.
367 877 470 957 ἐπειδὴ
487 877 554 960 γάρ,
572 880 678 959 φησίν,
697 878 733 940 ού
752 877 872 960 δέχεσθε
888 879 943 959 τὴν
957 885 1131 963 φιλανθρα-

113 977 199 1055 πίαν,
222 975 422 1057 ἐπιγνώσεσθε
444 975 500 1055 τὴν
522 976 658 1050 ἐξουσίαν
681 985 734 1056 τῆς
756 977 904 1059 τιμωρίας.

175 1070 268 1135 Ὅταν
289 1073 345 1156 γάρ
368 1074 419 1157 ῖδχ
442 1072 459 1136 δ
481 1074 555 1147 θεὸς
576 1074 619 1148 είς
641 1072 734 1156 ἀκρον
756 1076 862 1148 κακίας
883 1074 1056 1138 ἐκκλίνοντα
1081 1077 1132 1138 τὸν

115 1171 297 1254 ἄνθρωπον,
324 1171 436 1252 ἐπαίρει
458 1171 514 1251 τὴν
536 1170 644 1234 ἑαυτοῦ
666 1173 751 1255 χάριν
773 1172 803 1246 ἐξ
830 1172 931 1236 αύτού.
976 1166 1014 1252 ἧς
1041 1171 1057 1234 δ
1080 1172 1133 1234 ἀν-

113 1277 241 1353 θρωπος
263 1269 456 1352 στερούμενος
478 1268 526 1331 ἐπὶ
548 1275 650 1331 πλεῖον
673 1270 844 1352 τροᾼίνεται
865 1270 899 1333 ἐκ
919 1280 972 1333 τοῦ
991 1271 1133 1351 διαβόλου
1147 1294 1173 1334 ιο

115 1366 331 1451 ἐρεθιζόμενος,
349 1365 401 1428 καί
418 1367 460 1446 με)
479 1367 553 1448 έχων
570 1366 624 1428 τὸν
640 1367 716 1430 θεόν
734 1367 766 1430 ἐν
784 1367 878 1452 ἐαυτῷ
892 1368 1134 1450 συμβουλεύοντα

116 1463 302 1546 ἀποσχέσθαι
324 1464 383 1528 ἀπὸ
406 1475 510 1545 κακοῦ,
533 1467 750 1546 καταλαμβάνει
773 1466 865 1529 αύτόν
888 1464 907 1546 ἡ
931 1464 1014 1550 ἀργή.
1056 1467 1133 1528 οὕτω

116 1565 222 1626 τοίνυν
240 1572 404 1645 προφανῶς
421 1561 441 1641 ἡ
459 1573 568 1643 ψῆφος
585 1572 639 1642 τῆς
657 1562 820 1624 ἀδεκάστου
840 1563 891 1625 καλ
909 1566 995 1638 θείας
1012 1565 1134 1646 κρίσεως

116 1662 320 1742 διαδειχθεῖσα
347 1656 387 1723 δι’
413 1659 567 1742 ἐπιτομῆς,
595 1659 724 1739 όψονται
750 1661 851 1735 εύθεῖς
877 1660 928 1723 καλ
957 1661 1133 1745 εὐφρανθή-

116 1779 235 1839 σονται,
266 1756 317 1819 καὶ
343 1768 424 1819 πάσα
450 1757 561 1838 ἀνομία
587 1757 729 1841 ἐμφράξει
758 1758 791 1820 τὸ
818 1760 911 1839 στόμα
938 1759 1039 1840 αύτῖχς.
1084 1758 1134 1820 καί
1149 1783 1174 1824 ιε

116 1857 197 1937 μάλα
219 1855 349 1930 εἰκότας·
372 1856 448 1939 πρὸς
469 1855 525 1938 γὰρ
550 1856 619 1930 τούς
641 1856 779 1930 σκολιοὺς
806 1857 924 1931 σκολιάς
947 1856 1037 1931 ὁδοὺς
1059 1855 1134 1918 ἀπο-

117 1953 228 2017 στέλλει
252 1954 362 2036 κύριος.
402 1956 465 2015 καί·
489 1954 545 2016 ούκ
566 1952 677 2026 ἀδίκως
699 1953 877 2016 ἐντείνονται
899 1956 1003 2017 δίκτυα
1025 1977 1135 2036 πτερω-

117 2058 188 2126 τοῖς.
234 2052 266 2113 οί
284 2051 341 2134 γδιρ
363 2051 453 2124 πόδες
475 2051 575 2114 αὐτῶν
596 2051 639 2124 εἰς
665 2053 773 2113 κακίαν
795 2050 929 2135 τρέχουσι
950 2052 1000 2114 καὶ
1022 2053 1137 2134 ταχινοί

116 2151 176 2213 είσι
198 2158 251 2212 τοῦ
277 2147 386 2230 ἐκχέειν
413 2144 494 2229 αἷμα.
540 2149 588 2212 διό
611 2167 706 2228 φησιν
729 2147 746 2210 δ
769 2148 942 2223 ἀπόστολος·
971 2148 991 2230 ἢ
1019 2149 1135 2232 ἀγνοεῖς

118 2249 165 2310 ότι
191 2247 224 2309 τό
251 2247 377 2329 χρηστὸν
404 2257 458 2310 τοῦ
485 2253 561 2308 θεοῦ
587 2247 630 2320 εἰς
657 2247 816 2326 μετάνοιάν
843 2265 874 2309 σε
901 2246 979 2330 ἀγει;
1006 2247 1079 2308 κατὰ
1103 2245 1135 2309 δὲ
1150 2272 1175 2312 το

116 2346 175 2425 τὴν
202 2344 385 2427 σκληρότητά
412 2365 467 2407 σου
494 2344 544 2406 καὶ
571 2343 773 2424 ἀμετανόητον
797 2346 923 2427 καρδίαν
945 2347 1135 2427 θησαυρίζεις

117 2443 214 2527 ἐαυτῷ
237 2440 331 2525 ἀρχὴν
358 2442 392 2505 ἐν
418 2440 513 2527 ἡμέρᾳ
540 2439 631 2524 ἀργῆς
657 2440 707 2503 καί
730 2442 944 2526 δικαιοκρισίας
969 2451 1024 2504 τοῦ
1050 2447 1135 2504 θεοῦ.

193 2610 269 2659 1-7
289 2604 355 2659 Ιεὶδ.
375 2604 466 2660 ΡοΙαο.
489 2604 561 2675 Epp.
584 2604 611 2670 Ι,
629 2609 682 2660 380
707 2604 803 2675 Migne
822 2606 899 2661 Tom.
915 2610 961 2672 78,
981 2609 1031 2660 397
1042 2606 1074 2660 A.
1099 2639 1133 2646 —

119 2684 138 2730 4
156 2677 258 2731 Matth.
278 2683 326 2744 τε,
345 2682 393 2742 εις
411 2681 454 2732 οε.
478 2709 513 2716 -
537 2676 691 2731 14Ριε1ια.
710 2679 925 2747 ιοε(1οτ),4ε,
944 2707 979 2718 -
1004 2683 1037 2732 ιε
1055 2677 1134 2732 Prov.

120 2754 165 2817 τι,
179 2753 204 2801 ο.
224 2780 258 2789 -
279 2753 311 2802 ιτ
331 2748 409 2806 Prov.
426 2753 451 2816 1,
466 2752 513 2814 τες
528 2753 569 2801 17.
589 2779 624 2789 -
643 2752 677 2802 ιο
696 2747 775 2802 Rom.
791 2754 817 2816 υ,
831 2754 862 2816 43
876 2755 900 2802 ε.

193 2872 279 2942 ’ῖτήν
302 2873 331 2938 ἐξ
354 2873 442 2927 αὐτοῦ
464 2869 600 2942 τιμωρίαν
618 2872 639 2926 0
662 2871 713 2942 τὴν
733 2870 870 2942 τιμωρίαν
892 2880 942 2942 τῆς
965 2871 1092 2938 ἐξουσίας
1109 2873 1136 2926 Η

119 2943 173 3069 τχγ
191 2941 355 3070 αίτίαιχχῆς
371 2936 505 3032 τιμωρίας
518 2943 551 2997 V.
570 2949 645 3068 2—‘8
666 2943 816 3070 είςέάκραν
833 2942 1074 3068 κακίμςὶανχίχχ
1092 2943 1136 2999 ἐκ·

120 3036 156 3140 ’1‘2
166 3035 333 3141 ῖίῖαιιιιὶ
347 3020 454 3140 παῖ
462 3032 516 3139 σίῖ
516 3016 568 3154 ⁶23⁹
564 3015 850 3156 ψῖάίῖαπρίφῖῖῖί
850 3017 929 3154 όαῖῖ
924 3019 1023 3154 ἀιφίς
1040 3047 1136 3140 onii

120 3188 156 3198 -
172 3162 205 3211 16
239 3158 410 3212 ποοτελλεῑθ
424 3156 666 3212 ἀποπελελθΝΒ
679 3155 868 3223 ἐξαποστέλλει
880 3157 903 3210 Ρ
916 3156 1093 3222 ἐξαποστελεῑ
1105 3157 1135 3209 B.

121 3261 155 3270 —
176 3234 208 3283 17
229 3227 245 3282 ό
264 3228 361 3295 κύριος
378 3226 404 3281 R
426 3227 530 3291 δθεός
542 3228 576 3282 N.
595 3259 631 3269 -
651 3233 684 3282 18
702 3225 827 3298 ταχεινοί
845 3227 976 3281 ABGPR
995 3247 1047 3294 τρα
1067 3224 1138 3282 εινοί

120 3299 189 3353 ΗΜ.
206 3331 239 3339 ——
260 3304 293 3353 19
311 3299 404 3369 ἐκχέαι
418 3300 499 3354 FGL.
514 3331 549 3340 —
568 3305 602 3354 22
621 3303 729 3372 σεαυτῷ
742 3298 854 3352 ABRV.
869 3329 903 3338 -
917 3306 967 3352 τοῦ
981 3314 1031 3352 om.
1081 3298 1135 3351 PR.

194 3423 277 3478 ἵδιά
294 3430 344 3492 τῆς
361 3419 495 3493 τιμωρίας
508 3422 605 3478 ΡΙείδ.
625 3455 659 3464 -
680 3428 713 3477 10
732 3421 892 3478 ἐπιπλεῖοτα
910 3422 941 3476 Ρ.
961 3453 993 3461 -
1013 3425 1137 3489 διερεθι·

121 3493 151 3560 ζό
173 3513 237 3556 ενος
254 3494 284 3547 Ρ.
308 3525 342 3534 -
368 3500 400 3548 16
419 3493 493 3564 μάλα
516 3511 559 3549 om
586 3495 615 3549 P.
641 3525 675 3534 —
701 3499 733 3548 19
757 3495 825 3549 Post
847 3490 917 3564 αἷμα
939 3493 962 3547 Ρ
984 3493 1064 3548 πάλλε
1088 3496 1137 3549 καλ

121 3515 219 3636 φύάου
243 3563 403 3635 μετέχοντες
428 3564 651 3636 θησαυρίζουσιν
679 3564 789 3628 ἑαυτοῖς
815 3565 890 3620 κακά
915 3563 933 3634 ἡ
957 3566 1137 3635 καταστροφὴ

121 3637 218 3691 αύτῶν
236 3636 309 3705 κακὴ
327 3633 391 3691 λίαν
410 3637 447 3699 ὡς
464 3635 619 3708 γέγραπται
637 3637 835 3705 (Prov.1‚18).
