<?xml version="1.0" encoding="UTF-8"?>
<!DOCTYPE html PUBLIC "-//W3C//DTD XHTML 1.0 Transitional//EN"
    "http://www.w3.org/TR/xhtml1/DTD/xhtml1-transitional.dtd">
<html xmlns="http://www.w3.org/1999/xhtml" xml:lang="en" lang="en">
 <head>
  <title>
</title>
<meta http-equiv="Content-Type" content="text/html;charset=utf-8" />
  <meta name='ocr-system' content='tesseract 3.04.00' />
  <meta name='ocr-capabilities' content='ocr_page ocr_carea ocr_par ocr_line ocrx_word'/>
</head>
<body>
  <div class='ocr_page' id='page_1' title='image "./georgiimonachic01boorgoog_0279.png"; bbox 0 0 2617 3909; ppageno 0'>
   <div class='ocr_carea' id='block_1_1' title="bbox 503 259 1108 324">
    <p class='ocr_par' dir='ltr' id='par_1_1' title="bbox 503 259 1108 324">
     <span class='ocr_line' id='line_1_1' title="bbox 503 259 1108 324; baseline -0.007 -13"><span class='ocrx_word' id='word_1_1' title='bbox 503 260 694 311; x_wconf 74' lang='grc' dir='ltr'><strong><em>ΧΡοαΙΚοα</em></strong></span> <span class='ocrx_word' id='word_1_2' title='bbox 1046 259 1108 324; x_wconf 76' lang='lat'><strong><em>191</em></strong></span> 
     </span>
    </p>
   </div>
   <div class='ocr_carea' id='block_1_2' title="bbox 19 399 1251 2744">
    <p class='ocr_par' dir='ltr' id='par_1_2' title="bbox 19 399 1251 2744">
     <span class='ocr_line' id='line_1_2' title="bbox 19 399 1111 488; baseline 0 -20"><span class='ocrx_word' id='word_1_3' title='bbox 19 399 22 403; x_wconf 41' lang='lat'>¹</span> <span class='ocrx_word' id='word_1_4' title='bbox 89 407 162 481; x_wconf 79' lang='grc' dir='ltr'><strong><em>τοὺς</em></strong></span> <span class='ocrx_word' id='word_1_5' title='bbox 184 408 300 488; x_wconf 89' lang='grc' dir='ltr'><strong><em>τοίχους</em></strong></span> <span class='ocrx_word' id='word_1_6' title='bbox 328 405 379 467; x_wconf 81' lang='grc' dir='ltr'><strong><em>καλ</em></strong></span> <span class='ocrx_word' id='word_1_7' title='bbox 405 405 441 467; x_wconf 82' lang='grc' dir='ltr'><strong><em>τὰ</em></strong></span> <span class='ocrx_word' id='word_1_8' title='bbox 464 405 644 488; x_wconf 82' lang='grc' dir='ltr'><strong><em>ὀροφώματα</em></strong></span> <span class='ocrx_word' id='word_1_9' title='bbox 671 405 721 468; x_wconf 81' lang='grc' dir='ltr'><strong><em>καὶ</em></strong></span> <span class='ocrx_word' id='word_1_10' title='bbox 748 405 819 480; x_wconf 84' lang='grc' dir='ltr'><strong><em>τοῦς</em></strong></span> <span class='ocrx_word' id='word_1_11' title='bbox 840 412 980 480; x_wconf 76' lang='grc' dir='ltr'><strong><em>πυλῶνας</em></strong></span> <span class='ocrx_word' id='word_1_12' title='bbox 1002 407 1111 469; x_wconf 77' lang='grc' dir='ltr'><strong><em>καὶτὰ</em></strong></span> 
     </span>
     <span class='ocr_line' id='line_1_3' title="bbox 76 503 1109 587; baseline 0.002 -21"><span class='ocrx_word' id='word_1_13' title='bbox 76 504 258 586; x_wconf 79' lang='grc' dir='ltr'><strong><em>,θυρώματα</em></strong></span> <span class='ocrx_word' id='word_1_14' title='bbox 289 505 424 587; x_wconf 77' lang='grc' dir='ltr'><strong><em>κεραμίσι</em></strong></span> <span class='ocrx_word' id='word_1_15' title='bbox 455 508 575 586; x_wconf 80' lang='grc' dir='ltr'><strong><em>χαλκαῖς</em></strong></span> <span class='ocrx_word' id='word_1_16' title='bbox 606 503 779 586; x_wconf 88' lang='grc' dir='ltr'><strong><em>κεχυ-μέναις</em></strong></span> <span class='ocrx_word' id='word_1_17' title='bbox 806 513 912 565; x_wconf 90' lang='grc' dir='ltr'><strong><em>τοῦτον</em></strong></span> <span class='ocrx_word' id='word_1_18' title='bbox 940 503 1109 586; x_wconf 86' lang='grc' dir='ltr'><strong><em>ἐσκέπασεν,</em></strong></span> 
     </span>
     <span class='ocr_line' id='line_1_4' title="bbox 89 600 1110 684; baseline 0.003 -21"><span class='ocrx_word' id='word_1_19' title='bbox 89 602 142 664; x_wconf 87' lang='grc' dir='ltr'><strong><em>καλ</em></strong></span> <span class='ocrx_word' id='word_1_20' title='bbox 166 603 343 684; x_wconf 85' lang='grc' dir='ltr'><strong><em>διαχωρίσας</em></strong></span> <span class='ocrx_word' id='word_1_21' title='bbox 365 600 492 664; x_wconf 82' lang='grc' dir='ltr'><strong><em>ένδοθεν</em></strong></span> <span class='ocrx_word' id='word_1_22' title='bbox 515 601 605 682; x_wconf 89' lang='grc' dir='ltr'><strong><em>μέσον</em></strong></span> <span class='ocrx_word' id='word_1_23' title='bbox 632 612 686 664; x_wconf 92' lang='grc' dir='ltr'><strong><em>τοῦ</em></strong></span> <span class='ocrx_word' id='word_1_24' title='bbox 709 611 785 664; x_wconf 91' lang='grc' dir='ltr'><strong><em>ναοῦ</em></strong></span> <span class='ocrx_word' id='word_1_25' title='bbox 807 602 900 665; x_wconf 81' lang='grc' dir='ltr'><strong>τόπον</strong></span> <span class='ocrx_word' id='word_1_26' title='bbox 924 603 1031 664; x_wconf 81' lang='grc' dir='ltr'><strong><em>δοῦναι</em></strong></span> <span class='ocrx_word' id='word_1_27' title='bbox 1054 603 1110 683; x_wconf 82' lang='grc' dir='ltr'><strong><em>τήν</em></strong></span> 
     </span>
     <span class='ocr_line' id='line_1_5' title="bbox 89 696 1109 782; baseline 0.001 -21"><span class='ocrx_word' id='word_1_28' title='bbox 89 699 220 780; x_wconf 88' lang='grc' dir='ltr'><strong><em>κιβωτὸν</em></strong></span> <span class='ocrx_word' id='word_1_29' title='bbox 248 699 312 761; x_wconf 84' lang='grc' dir='ltr'><strong><em>ἐκεῖ</em></strong></span> <span class='ocrx_word' id='word_1_30' title='bbox 333 700 484 779; x_wconf 82' lang='grc' dir='ltr'><strong><em>διαθήκης</em></strong></span> <span class='ocrx_word' id='word_1_31' title='bbox 510 702 617 782; x_wconf 90' lang='grc' dir='ltr'><strong><em>κυρίου</em></strong></span> <span class='ocrx_word' id='word_1_32' title='bbox 643 699 747 780; x_wconf 81' lang='grc' dir='ltr'><strong><em>πήχεις</em></strong></span> <span class='ocrx_word' id='word_1_33' title='bbox 769 696 800 761; x_wconf 84' lang='grc' dir='ltr'><strong><em>κ’</em></strong></span> <span class='ocrx_word' id='word_1_34' title='bbox 823 698 855 760; x_wconf 88' lang='grc' dir='ltr'><strong><em>τὸ</em></strong></span> <span class='ocrx_word' id='word_1_35' title='bbox 883 709 977 780; x_wconf 75' lang='grc' dir='ltr'><strong><em>μῆκος</em></strong></span> <span class='ocrx_word' id='word_1_36' title='bbox 1004 699 1109 762; x_wconf 80' lang='grc' dir='ltr'><strong><em>καὶτὸ</em></strong></span> 
     </span>
     <span class='ocr_line' id='line_1_6' title="bbox 88 795 1150 880; baseline 0.002 -22"><span class='ocrx_word' id='word_1_37' title='bbox 88 799 201 871; x_wconf 78' lang='grc' dir='ltr'><strong><em>πλάτος</em></strong></span> <span class='ocrx_word' id='word_1_38' title='bbox 226 797 329 878; x_wconf 88' lang='grc' dir='ltr'><strong><em>πήχεις</em></strong></span> <span class='ocrx_word' id='word_1_39' title='bbox 356 795 388 858; x_wconf 89' lang='grc' dir='ltr'><strong><em>κ’</em></strong></span> <span class='ocrx_word' id='word_1_40' title='bbox 410 797 461 859; x_wconf 85' lang='grc' dir='ltr'><strong><em>καλ</em></strong></span> <span class='ocrx_word' id='word_1_41' title='bbox 487 797 520 858; x_wconf 90' lang='grc' dir='ltr'><strong><em>τὸ</em></strong></span> <span class='ocrx_word' id='word_1_42' title='bbox 547 799 629 876; x_wconf 79' lang='grc' dir='ltr'><strong><em>ύψος</em></strong></span> <span class='ocrx_word' id='word_1_43' title='bbox 657 798 749 860; x_wconf 89' lang='grc' dir='ltr'><strong><em>αύτοῦ</em></strong></span> <span class='ocrx_word' id='word_1_44' title='bbox 777 797 879 878; x_wconf 82' lang='grc' dir='ltr'><strong><em>πήχεις</em></strong></span> <span class='ocrx_word' id='word_1_45' title='bbox 906 795 938 859; x_wconf 81' lang='grc' dir='ltr'><strong><em>κ’</em></strong></span> <span class='ocrx_word' id='word_1_46' title='bbox 959 796 1110 880; x_wconf 74' lang='grc' dir='ltr'><strong><em>περιέσχεν</em></strong></span> <span class='ocrx_word' id='word_1_47' title='bbox 1137 819 1150 860; x_wconf 80' lang='grc' dir='ltr'><strong><em>υ</em></strong></span> 
     </span>
     <span class='ocr_line' id='line_1_7' title="bbox 88 891 1108 981; baseline -0.001 -25"><span class='ocrx_word' id='word_1_48' title='bbox 88 895 183 958; x_wconf 83' lang='grc' dir='ltr'><strong><em>αὐτὸν</em></strong></span> <span class='ocrx_word' id='word_1_49' title='bbox 205 895 256 957; x_wconf 83' lang='grc' dir='ltr'><strong><em>καί</em></strong></span> <span class='ocrx_word' id='word_1_50' title='bbox 278 895 334 975; x_wconf 90' lang='grc' dir='ltr'><strong><em>τήν</em></strong></span> <span class='ocrx_word' id='word_1_51' title='bbox 357 897 459 976; x_wconf 82' lang='grc' dir='ltr'><strong><em>θύραν</em></strong></span> <span class='ocrx_word' id='word_1_52' title='bbox 481 896 575 958; x_wconf 80' lang='grc' dir='ltr'><strong><em>αὐτοῦ</em></strong></span> <span class='ocrx_word' id='word_1_53' title='bbox 602 896 713 980; x_wconf 86' lang='grc' dir='ltr'><strong><em>χρυσίηο</em></strong></span> <span class='ocrx_word' id='word_1_54' title='bbox 737 894 995 981; x_wconf 78' lang='grc' dir='ltr'><strong><em>συγκεκλεισμένω,</em></strong></span> <span class='ocrx_word' id='word_1_55' title='bbox 1018 891 1034 957; x_wconf 78' lang='grc' dir='ltr'>ὃ</span> <span class='ocrx_word' id='word_1_56' title='bbox 1057 894 1108 957; x_wconf 85' lang='grc' dir='ltr'><strong><em>καί</em></strong></span> 
     </span>
     <span class='ocr_line' id='line_1_8' title="bbox 88 991 1110 1075; baseline 0 -21"><span class='ocrx_word' id='word_1_57' title='bbox 88 994 179 1075; x_wconf 83' lang='grc' dir='ltr'><strong><em>ύίγιον</em></strong></span> <span class='ocrx_word' id='word_1_58' title='bbox 201 991 295 1074; x_wconf 85' lang='grc' dir='ltr'><strong><em>ἆγίων</em></strong></span> <span class='ocrx_word' id='word_1_59' title='bbox 322 992 372 1054; x_wconf 87' lang='grc' dir='ltr'><strong><em>καλ</em></strong></span> <span class='ocrx_word' id='word_1_60' title='bbox 394 992 502 1074; x_wconf 81' lang='grc' dir='ltr'><strong><em>Δαβήρ</em></strong></span> <span class='ocrx_word' id='word_1_61' title='bbox 529 993 771 1075; x_wconf 74' lang='grc' dir='ltr'><strong><em>προσηγορεύετο.</em></strong></span> <span class='ocrx_word' id='word_1_62' title='bbox 816 992 866 1054; x_wconf 87' lang='grc' dir='ltr'><strong><em>καλ</em></strong></span> <span class='ocrx_word' id='word_1_63' title='bbox 890 993 951 1054; x_wconf 82' lang='grc' dir='ltr'><strong><em>δύο</em></strong></span> <span class='ocrx_word' id='word_1_64' title='bbox 969 992 1110 1074; x_wconf 86' lang='grc' dir='ltr'><strong><em>χερουβλμ</em></strong></span> 
     </span>
     <span class='ocr_line' id='line_1_9' title="bbox 89 1088 1109 1172; baseline 0 -20"><span class='ocrx_word' id='word_1_65' title='bbox 89 1091 313 1164; x_wconf 83' lang='grc' dir='ltr'><strong><em>κατασκευάσας</em></strong></span> <span class='ocrx_word' id='word_1_66' title='bbox 336 1089 368 1151; x_wconf 87' lang='grc' dir='ltr'><strong><em>ἐκ</em></strong></span> <span class='ocrx_word' id='word_1_67' title='bbox 392 1091 489 1164; x_wconf 83' lang='grc' dir='ltr'><strong><em>ξύλων</em></strong></span> <span class='ocrx_word' id='word_1_68' title='bbox 511 1089 652 1169; x_wconf 82' lang='grc' dir='ltr'><strong><em>ἀσήπτων</em></strong></span> <span class='ocrx_word' id='word_1_69' title='bbox 675 1089 733 1151; x_wconf 80' lang='grc' dir='ltr'><strong><em>ἀνὰ</em></strong></span> <span class='ocrx_word' id='word_1_70' title='bbox 756 1100 860 1171; x_wconf 80' lang='grc' dir='ltr'><strong><em>πηχῶν</em></strong></span> <span class='ocrx_word' id='word_1_71' title='bbox 883 1088 907 1152; x_wconf 84' lang='grc' dir='ltr'><strong><em>ι’</em></strong></span> <span class='ocrx_word' id='word_1_72' title='bbox 927 1090 959 1152; x_wconf 88' lang='grc' dir='ltr'><strong><em>τὸ</em></strong></span> <span class='ocrx_word' id='word_1_73' title='bbox 983 1090 1109 1172; x_wconf 84' lang='grc' dir='ltr'><strong><em>μέγεθος</em></strong></span> 
     </span>
     <span class='ocr_line' id='line_1_10' title="bbox 87 1186 1109 1271; baseline 0 -21"><span class='ocrx_word' id='word_1_74' title='bbox 87 1188 141 1250; x_wconf 90' lang='grc' dir='ltr'><strong><em>καλ</em></strong></span> <span class='ocrx_word' id='word_1_75' title='bbox 168 1187 228 1250; x_wconf 77' lang='grc' dir='ltr'><strong><em>ἀνὰ</em></strong></span> <span class='ocrx_word' id='word_1_76' title='bbox 254 1198 359 1270; x_wconf 89' lang='grc' dir='ltr'><strong><em>πηχῶν</em></strong></span> <span class='ocrx_word' id='word_1_77' title='bbox 385 1186 414 1250; x_wconf 88' lang='grc' dir='ltr'><strong><em>ε’</em></strong></span> <span class='ocrx_word' id='word_1_78' title='bbox 440 1187 477 1249; x_wconf 84' lang='grc' dir='ltr'><strong><em>τὰ</em></strong></span> <span class='ocrx_word' id='word_1_79' title='bbox 507 1189 649 1270; x_wconf 79' lang='grc' dir='ltr'><strong><em>πτερύγια</em></strong></span> <span class='ocrx_word' id='word_1_80' title='bbox 681 1188 797 1269; x_wconf 83' lang='grc' dir='ltr'><strong><em>έχοντα,</em></strong></span> <span class='ocrx_word' id='word_1_81' title='bbox 829 1187 937 1269; x_wconf 84' lang='grc' dir='ltr'><strong><em>πτέρυξ</em></strong></span> <span class='ocrx_word' id='word_1_82' title='bbox 966 1187 1109 1271; x_wconf 76' lang='grc' dir='ltr'><strong><em>πτέρυγος</em></strong></span> 
     </span>
     <span class='ocr_line' id='line_1_11' title="bbox 87 1284 1251 1368; baseline -0.003 -20"><span class='ocrx_word' id='word_1_83' title='bbox 87 1287 215 1368; x_wconf 83' lang='grc' dir='ltr'><strong><em>ήπτετο,</em></strong></span> <span class='ocrx_word' id='word_1_84' title='bbox 238 1286 288 1348; x_wconf 81' lang='grc' dir='ltr'><strong><em>καὶ</em></strong></span> <span class='ocrx_word' id='word_1_85' title='bbox 310 1284 487 1367; x_wconf 82' lang='grc' dir='ltr'><strong><em>ἀμφοτέρων</em></strong></span> <span class='ocrx_word' id='word_1_86' title='bbox 510 1286 545 1346; x_wconf 91' lang='grc' dir='ltr'><strong><em>αί</em></strong></span> <span class='ocrx_word' id='word_1_87' title='bbox 569 1284 669 1348; x_wconf 82' lang='grc' dir='ltr'><strong><em>λοιπαί</em></strong></span> <span class='ocrx_word' id='word_1_88' title='bbox 693 1287 748 1347; x_wconf 82' lang='grc' dir='ltr'><strong><em>δύο</em></strong></span> <span class='ocrx_word' id='word_1_89' title='bbox 770 1285 911 1367; x_wconf 78' lang='grc' dir='ltr'><strong><em>πτέρυγες</em></strong></span> <span class='ocrx_word' id='word_1_90' title='bbox 933 1294 986 1346; x_wconf 88' lang='grc' dir='ltr'><strong><em>τοῦ</em></strong></span> <span class='ocrx_word' id='word_1_91' title='bbox 1009 1286 1108 1365; x_wconf 81' lang='grc' dir='ltr'><strong><em>τοίχου</em></strong></span> <span class='ocrx_word' id='word_1_92' title='bbox 1123 1305 1150 1363; x_wconf 71' lang='grc' dir='ltr'><strong><em>το</em></strong></span> <span class='ocrx_word' id='word_1_93' title='bbox 1163 1307 1203 1348; x_wconf 68' lang='grc' dir='ltr'><strong><em>σου</em></strong></span> <span class='ocrx_word' id='word_1_94' title='bbox 1216 1305 1251 1346; x_wconf 78' lang='grc' dir='ltr'><strong><em>ω,</em></strong></span> 
     </span>
     <span class='ocr_line' id='line_1_12' title="bbox 87 1379 1108 1466; baseline -0.003 -21"><span class='ocrx_word' id='word_1_95' title='bbox 87 1393 144 1446; x_wconf 89' lang='grc' dir='ltr'><strong><em>τοῦ</em></strong></span> <span class='ocrx_word' id='word_1_96' title='bbox 163 1383 259 1463; x_wconf 84' lang='grc' dir='ltr'><strong><em>οἴκου,</em></strong></span> <span class='ocrx_word' id='word_1_97' title='bbox 277 1383 328 1444; x_wconf 84' lang='grc' dir='ltr'><strong><em>καί</em></strong></span> <span class='ocrx_word' id='word_1_98' title='bbox 346 1385 381 1444; x_wconf 84' lang='grc' dir='ltr'><strong><em>αί</em></strong></span> <span class='ocrx_word' id='word_1_99' title='bbox 396 1381 537 1466; x_wconf 76' lang='grc' dir='ltr'><strong><em>πτέρυγες</em></strong></span> <span class='ocrx_word' id='word_1_100' title='bbox 554 1382 655 1444; x_wconf 89' lang='grc' dir='ltr'><strong><em>αύτῶν</em></strong></span> <span class='ocrx_word' id='word_1_101' title='bbox 671 1381 934 1461; x_wconf 82' lang='grc' dir='ltr'><strong><em>διαπεπετασμέναι</em></strong></span> <span class='ocrx_word' id='word_1_102' title='bbox 952 1393 1055 1463; x_wconf 92' lang='grc' dir='ltr'><strong><em>πηχῶν</em></strong></span> <span class='ocrx_word' id='word_1_103' title='bbox 1067 1379 1108 1443; x_wconf 88' lang='grc' dir='ltr'><strong><em>κ’.</em></strong></span> 
     </span>
     <span class='ocr_line' id='line_1_13' title="bbox 87 1479 1108 1564; baseline -0.002 -21"><span class='ocrx_word' id='word_1_104' title='bbox 87 1480 110 1543; x_wconf 75' lang='grc' dir='ltr'><strong><em>ἃ</em></strong></span> <span class='ocrx_word' id='word_1_105' title='bbox 137 1480 189 1543; x_wconf 81' lang='grc' dir='ltr'><strong><em>καλ</em></strong></span> <span class='ocrx_word' id='word_1_106' title='bbox 215 1482 436 1564; x_wconf 82' lang='grc' dir='ltr'><strong><em>περιχρυσῶσας</em></strong></span> <span class='ocrx_word' id='word_1_107' title='bbox 467 1481 587 1560; x_wconf 77' lang='grc' dir='ltr'><strong><em>ἔστησεν</em></strong></span> <span class='ocrx_word' id='word_1_108' title='bbox 614 1479 798 1561; x_wconf 74' lang='grc' dir='ltr'><strong><em>ἑκατέρωθεν</em></strong></span> <span class='ocrx_word' id='word_1_109' title='bbox 825 1479 915 1560; x_wconf 80' lang='grc' dir='ltr'><strong><em>μέσον</em></strong></span> <span class='ocrx_word' id='word_1_110' title='bbox 941 1481 1028 1542; x_wconf 82' lang='grc' dir='ltr'><strong><em>τοῦδε</em></strong></span> <span class='ocrx_word' id='word_1_111' title='bbox 1054 1489 1108 1542; x_wconf 93' lang='grc' dir='ltr'><strong><em>τοῦ</em></strong></span> 
     </span>
     <span class='ocr_line' id='line_1_14' title="bbox 88 1570 1116 1660; baseline -0.003 -18"><span class='ocrx_word' id='word_1_112' title='bbox 88 1580 238 1642; x_wconf 85' lang='grc' dir='ltr'><strong><em>ἐσωτύτου</em></strong></span> <span class='ocrx_word' id='word_1_113' title='bbox 270 1581 357 1642; x_wconf 79' lang='grc' dir='ltr'><strong><em>οἴκου</em></strong></span> <span class='ocrx_word' id='word_1_114' title='bbox 387 1579 462 1659; x_wconf 85' lang='grc' dir='ltr'><strong><em>πρὸς</em></strong></span> <span class='ocrx_word' id='word_1_115' title='bbox 493 1578 526 1639; x_wconf 85' lang='grc' dir='ltr'><strong><em>τὸ</em></strong></span> <span class='ocrx_word' id='word_1_116' title='bbox 558 1578 614 1659; x_wconf 73' lang='grc' dir='ltr'><strong><em>τήν</em></strong></span> <span class='ocrx_word' id='word_1_117' title='bbox 645 1579 774 1658; x_wconf 85' lang='grc' dir='ltr'><strong><em>κιβωτὸν</em></strong></span> <span class='ocrx_word' id='word_1_118' title='bbox 800 1577 1024 1660; x_wconf 84' lang='grc' dir='ltr'><strong><em>συγκαλύπτειν.</em></strong></span> <span class='ocrx_word' id='word_1_119' title='bbox 1071 1570 1116 1639; x_wconf 82' lang='grc' dir='ltr'><strong><em>ού</em></strong></span> 
     </span>
     <span class='ocr_line' id='line_1_15' title="bbox 87 1674 1108 1759; baseline -0.003 -20"><span class='ocrx_word' id='word_1_120' title='bbox 87 1677 141 1740; x_wconf 82' lang='grc' dir='ltr'><strong><em>καλ</em></strong></span> <span class='ocrx_word' id='word_1_121' title='bbox 163 1677 237 1739; x_wconf 83' lang='grc' dir='ltr'><strong><em>κατὰ</em></strong></span> <span class='ocrx_word' id='word_1_122' title='bbox 259 1676 420 1759; x_wconf 87' lang='grc' dir='ltr'><strong><em>πρόσωπον</em></strong></span> <span class='ocrx_word' id='word_1_123' title='bbox 443 1676 562 1755; x_wconf 89' lang='grc' dir='ltr'><strong><em>ἐποίησε</em></strong></span> <span class='ocrx_word' id='word_1_124' title='bbox 583 1676 799 1756; x_wconf 81' lang='grc' dir='ltr'><strong><em>θυσιαστήριον</em></strong></span> <span class='ocrx_word' id='word_1_125' title='bbox 818 1684 947 1756; x_wconf 79' lang='grc' dir='ltr'><strong><em>χρυσοῦν</em></strong></span> <span class='ocrx_word' id='word_1_126' title='bbox 966 1674 1108 1756; x_wconf 81' lang='grc' dir='ltr'><strong><em>ἐσώτερον</em></strong></span> 
     </span>
     <span class='ocr_line' id='line_1_16' title="bbox 87 1763 1147 1858; baseline 0 -22"><span class='ocrx_word' id='word_1_127' title='bbox 87 1785 144 1838; x_wconf 88' lang='grc' dir='ltr'><strong><em>τοῦ</em></strong></span> <span class='ocrx_word' id='word_1_128' title='bbox 167 1776 438 1854; x_wconf 79' lang='grc' dir='ltr'><strong><em>καταπετάσματος,</em></strong></span> <span class='ocrx_word' id='word_1_129' title='bbox 461 1774 494 1836; x_wconf 87' lang='grc' dir='ltr'><strong><em>ἐν</em></strong></span> <span class='ocrx_word' id='word_1_130' title='bbox 518 1763 614 1858; x_wconf 78' lang='grc' dir='ltr'><strong><em>ᾧτής</em></strong></span> <span class='ocrx_word' id='word_1_131' title='bbox 637 1772 807 1855; x_wconf 77' lang='grc' dir='ltr'><strong><em>προθέσεως</em></strong></span> <span class='ocrx_word' id='word_1_132' title='bbox 830 1773 862 1834; x_wconf 92' lang='grc' dir='ltr'><strong><em>οί</em></strong></span> <span class='ocrx_word' id='word_1_133' title='bbox 881 1770 965 1856; x_wconf 78' lang='grc' dir='ltr'><strong><em>ύρτοι</em></strong></span> <span class='ocrx_word' id='word_1_134' title='bbox 987 1772 1106 1834; x_wconf 76' lang='grc' dir='ltr'><strong><em>ἔκειντο.</em></strong></span> <span class='ocrx_word' id='word_1_135' title='bbox 1121 1795 1147 1836; x_wconf 82' lang='grc' dir='ltr'><strong><em>ιο</em></strong></span> 
     </span>
     <span class='ocr_line' id='line_1_17' title="bbox 85 1869 1107 1952; baseline -0.003 -18"><span class='ocrx_word' id='word_1_136' title='bbox 85 1873 121 1936; x_wconf 78' lang='grc' dir='ltr'><strong><em>τὸ</em></strong></span> <span class='ocrx_word' id='word_1_137' title='bbox 147 1871 178 1934; x_wconf 79' lang='grc' dir='ltr'><strong><em>δὲ</em></strong></span> <span class='ocrx_word' id='word_1_138' title='bbox 200 1871 407 1952; x_wconf 87' lang='grc' dir='ltr'><strong><em>καταπέτασμα</em></strong></span> <span class='ocrx_word' id='word_1_139' title='bbox 432 1872 561 1950; x_wconf 88' lang='grc' dir='ltr'><strong><em>ποιήσας</em></strong></span> <span class='ocrx_word' id='word_1_140' title='bbox 588 1871 618 1946; x_wconf 83' lang='grc' dir='ltr'><strong><em>ἐξ</em></strong></span> <span class='ocrx_word' id='word_1_141' title='bbox 645 1871 797 1933; x_wconf 79' lang='grc' dir='ltr'><strong><em>ὑακίνθου</em></strong></span> <span class='ocrx_word' id='word_1_142' title='bbox 820 1869 870 1931; x_wconf 84' lang='grc' dir='ltr'><strong><em>καλ</em></strong></span> <span class='ocrx_word' id='word_1_143' title='bbox 892 1871 1041 1932; x_wconf 89' lang='grc' dir='ltr'><strong><em>κοκκίνου</em></strong></span> <span class='ocrx_word' id='word_1_144' title='bbox 1056 1869 1107 1931; x_wconf 84' lang='grc' dir='ltr'><strong><em>καλ</em></strong></span> 
     </span>
     <span class='ocr_line' id='line_1_18' title="bbox 86 1965 1110 2052; baseline -0.003 -20"><span class='ocrx_word' id='word_1_145' title='bbox 86 1971 205 2052; x_wconf 86' lang='grc' dir='ltr'><strong><em>βύσσου</em></strong></span> <span class='ocrx_word' id='word_1_146' title='bbox 226 1969 278 2032; x_wconf 83' lang='grc' dir='ltr'><strong><em>καί</em></strong></span> <span class='ocrx_word' id='word_1_147' title='bbox 298 1970 458 2052; x_wconf 87' lang='grc' dir='ltr'><strong><em>πορφύρας</em></strong></span> <span class='ocrx_word' id='word_1_148' title='bbox 479 1969 627 2048; x_wconf 80' lang='grc' dir='ltr'><strong><em>ἐξύφανεν</em></strong></span> <span class='ocrx_word' id='word_1_149' title='bbox 650 1969 729 2052; x_wconf 79' lang='grc' dir='ltr'><strong><em>αύτῷ</em></strong></span> <span class='ocrx_word' id='word_1_150' title='bbox 748 1968 896 2048; x_wconf 85' lang='grc' dir='ltr'><strong><em>χερουβίμ.</em></strong></span> <span class='ocrx_word' id='word_1_151' title='bbox 933 1965 1025 2051; x_wconf 80' lang='grc' dir='ltr'><strong><em>τῷδέ</em></strong></span> <span class='ocrx_word' id='word_1_152' title='bbox 1047 1973 1110 2051; x_wconf 79' lang='grc' dir='ltr'><strong><em>ναῷ</em></strong></span> 
     </span>
     <span class='ocr_line' id='line_1_19' title="bbox 87 2063 1107 2156; baseline -0.007 -26"><span class='ocrx_word' id='word_1_153' title='bbox 87 2069 320 2156; x_wconf 79' lang='grc' dir='ltr'><strong><em>συνῳκοδόμησε</em></strong></span> <span class='ocrx_word' id='word_1_154' title='bbox 346 2066 459 2148; x_wconf 83' lang='grc' dir='ltr'><strong><em>πλευρὰ</em></strong></span> <span class='ocrx_word' id='word_1_155' title='bbox 485 2066 634 2128; x_wconf 75' lang='grc' dir='ltr'><strong><em>κυκλόθεν</em></strong></span> <span class='ocrx_word' id='word_1_156' title='bbox 662 2065 717 2139; x_wconf 66' lang='grc' dir='ltr'><strong><em>ἐξω</em></strong></span> <span class='ocrx_word' id='word_1_157' title='bbox 740 2063 799 2125; x_wconf 77' lang='grc' dir='ltr'><strong><em>ἀπὸ</em></strong></span> <span class='ocrx_word' id='word_1_158' title='bbox 824 2074 928 2144; x_wconf 90' lang='grc' dir='ltr'><strong><em>πηχῶν</em></strong></span> <span class='ocrx_word' id='word_1_159' title='bbox 952 2063 991 2144; x_wconf 75' lang='grc' dir='ltr'><strong><em>ἐξ,</em></strong></span> <span class='ocrx_word' id='word_1_160' title='bbox 1014 2063 1035 2124; x_wconf 80' lang='grc' dir='ltr'><strong><em>λλ</em></strong></span> <span class='ocrx_word' id='word_1_161' title='bbox 1056 2063 1107 2125; x_wconf 86' lang='grc' dir='ltr'><strong><em>καλ</em></strong></span> 
     </span>
     <span class='ocr_line' id='line_1_20' title="bbox 87 2159 1107 2247; baseline -0.009 -18"><span class='ocrx_word' id='word_1_162' title='bbox 87 2165 225 2247; x_wconf 84' lang='grc' dir='ltr'><strong><em>μέλαθρα</em></strong></span> <span class='ocrx_word' id='word_1_163' title='bbox 242 2165 393 2246; x_wconf 85' lang='grc' dir='ltr'><strong><em>κέκληκεν,</em></strong></span> <span class='ocrx_word' id='word_1_164' title='bbox 414 2165 489 2226; x_wconf 80' lang='grc' dir='ltr'><strong><em>ὥστε</em></strong></span> <span class='ocrx_word' id='word_1_165' title='bbox 505 2165 561 2244; x_wconf 83' lang='grc' dir='ltr'><strong><em>τήν</em></strong></span> <span class='ocrx_word' id='word_1_166' title='bbox 579 2163 754 2241; x_wconf 78' lang='grc' dir='ltr'><strong><em>οἰκοδομίαν</em></strong></span> <span class='ocrx_word' id='word_1_167' title='bbox 772 2159 905 2241; x_wconf 88' lang='grc' dir='ltr'><strong><em>συνέχειν</em></strong></span> <span class='ocrx_word' id='word_1_168' title='bbox 923 2160 974 2221; x_wconf 85' lang='grc' dir='ltr'><strong><em>καλ</em></strong></span> <span class='ocrx_word' id='word_1_169' title='bbox 992 2159 1107 2240; x_wconf 77' lang='grc' dir='ltr'><strong><em>μηδένα</em></strong></span> 
     </span>
     <span class='ocr_line' id='line_1_21' title="bbox 86 2258 1147 2344; baseline -0.006 -18"><span class='ocrx_word' id='word_1_170' title='bbox 86 2275 150 2325; x_wconf 89' lang='grc' dir='ltr'><strong><em>τῶν</em></strong></span> <span class='ocrx_word' id='word_1_171' title='bbox 162 2269 300 2326; x_wconf 88' lang='grc' dir='ltr'><strong><em>Λευιτῶν</em></strong></span> <span class='ocrx_word' id='word_1_172' title='bbox 312 2263 503 2344; x_wconf 86' lang='grc' dir='ltr'><strong><em>προσψαύειν</em></strong></span> <span class='ocrx_word' id='word_1_173' title='bbox 521 2268 583 2335; x_wconf 79' lang='grc' dir='ltr'><strong><em>τοῖς</em></strong></span> <span class='ocrx_word' id='word_1_174' title='bbox 600 2271 653 2322; x_wconf 93' lang='grc' dir='ltr'><strong><em>τοῦ</em></strong></span> <span class='ocrx_word' id='word_1_175' title='bbox 668 2269 744 2322; x_wconf 83' lang='grc' dir='ltr'><strong><em>ναοῦ</em></strong></span> <span class='ocrx_word' id='word_1_176' title='bbox 758 2260 876 2339; x_wconf 89' lang='grc' dir='ltr'><strong><em>τοίχοις,</em></strong></span> <span class='ocrx_word' id='word_1_177' title='bbox 891 2258 936 2320; x_wconf 79' lang='grc' dir='ltr'><strong><em>ὅτι</em></strong></span> <span class='ocrx_word' id='word_1_178' title='bbox 949 2259 1106 2339; x_wconf 78' lang='grc' dir='ltr'><strong><em>διάστημα,</em></strong></span> <span class='ocrx_word' id='word_1_179' title='bbox 1120 2280 1147 2320; x_wconf 74' lang='grc' dir='ltr'><strong><em>το</em></strong></span> 
     </span>
     <span class='ocr_line' id='line_1_22' title="bbox 87 2356 1105 2446; baseline -0.007 -23"><span class='ocrx_word' id='word_1_180' title='bbox 87 2363 195 2442; x_wconf 85' lang='grc' dir='ltr'><strong><em>φησίν,</em></strong></span> <span class='ocrx_word' id='word_1_181' title='bbox 214 2360 323 2423; x_wconf 82' lang='grc' dir='ltr'><strong><em>δέδωκε</em></strong></span> <span class='ocrx_word' id='word_1_182' title='bbox 336 2367 377 2445; x_wconf 78' lang='grc' dir='ltr'><strong><em>τῷ</em></strong></span> <span class='ocrx_word' id='word_1_183' title='bbox 396 2361 479 2446; x_wconf 72' lang='grc' dir='ltr'><strong><em>οἴκῳ,</em></strong></span> <span class='ocrx_word' id='word_1_184' title='bbox 498 2361 579 2433; x_wconf 82' lang='grc' dir='ltr'><strong><em>ὅπως</em></strong></span> <span class='ocrx_word' id='word_1_185' title='bbox 593 2358 633 2438; x_wconf 82' lang='grc' dir='ltr'><strong><em>μή</em></strong></span> <span class='ocrx_word' id='word_1_186' title='bbox 653 2357 911 2437; x_wconf 86' lang='grc' dir='ltr'><strong><em>έπιλαμβύνωνται</em></strong></span> <span class='ocrx_word' id='word_1_187' title='bbox 927 2366 986 2418; x_wconf 90' lang='grc' dir='ltr'><strong><em>τῶν</em></strong></span> <span class='ocrx_word' id='word_1_188' title='bbox 1000 2356 1105 2436; x_wconf 85' lang='grc' dir='ltr'><strong><em>τοίχων</em></strong></span> 
     </span>
     <span class='ocr_line' id='line_1_23' title="bbox 85 2445 1106 2540; baseline -0.008 -19"><span class='ocrx_word' id='word_1_189' title='bbox 85 2469 143 2521; x_wconf 86' lang='grc' dir='ltr'><strong><em>τοῦ</em></strong></span> <span class='ocrx_word' id='word_1_190' title='bbox 165 2460 258 2520; x_wconf 82' lang='grc' dir='ltr'><strong><em>οἴκου.</em></strong></span> <span class='ocrx_word' id='word_1_191' title='bbox 298 2460 402 2538; x_wconf 88' lang='grc' dir='ltr'><strong><em>μόνοις</em></strong></span> <span class='ocrx_word' id='word_1_192' title='bbox 424 2457 479 2538; x_wconf 79' lang='grc' dir='ltr'><strong><em>μέν</em></strong></span> <span class='ocrx_word' id='word_1_193' title='bbox 501 2457 557 2540; x_wconf 85' lang='grc' dir='ltr'><strong><em>γὰρ</em></strong></span> <span class='ocrx_word' id='word_1_194' title='bbox 580 2457 707 2538; x_wconf 79' lang='grc' dir='ltr'><strong><em>ἱερεῦσιν</em></strong></span> <span class='ocrx_word' id='word_1_195' title='bbox 729 2453 872 2533; x_wconf 86' lang='grc' dir='ltr'><strong><em>είσιτητὸς</em></strong></span> <span class='ocrx_word' id='word_1_196' title='bbox 896 2445 935 2533; x_wconf 85' lang='grc' dir='ltr'><strong><em>ήν</em></strong></span> <span class='ocrx_word' id='word_1_197' title='bbox 954 2451 970 2515; x_wconf 84' lang='grc' dir='ltr'>ὁ</span> <span class='ocrx_word' id='word_1_198' title='bbox 991 2463 1106 2534; x_wconf 87' lang='grc' dir='ltr'><strong><em>πρῶτος</em></strong></span> 
     </span>
     <span class='ocr_line' id='line_1_24' title="bbox 86 2549 1106 2638; baseline -0.007 -19"><span class='ocrx_word' id='word_1_199' title='bbox 86 2554 187 2632; x_wconf 83' lang='grc' dir='ltr'><strong><em>ναὸςὸ</em></strong></span> <span class='ocrx_word' id='word_1_200' title='bbox 200 2557 383 2636; x_wconf 89' lang='grc' dir='ltr'><strong><em>καλούμενος</em></strong></span> <span class='ocrx_word' id='word_1_201' title='bbox 396 2556 476 2638; x_wconf 75' lang='grc' dir='ltr'><strong><em>ἅγια,</em></strong></span> <span class='ocrx_word' id='word_1_202' title='bbox 490 2556 532 2629; x_wconf 88' lang='grc' dir='ltr'><strong><em>είς</em></strong></span> <span class='ocrx_word' id='word_1_203' title='bbox 546 2553 578 2616; x_wconf 79' lang='grc' dir='ltr'><strong><em>δὲ</em></strong></span> <span class='ocrx_word' id='word_1_204' title='bbox 592 2553 628 2615; x_wconf 84' lang='grc' dir='ltr'><strong><em>τὰ</em></strong></span> <span class='ocrx_word' id='word_1_205' title='bbox 641 2553 712 2634; x_wconf 80' lang='grc' dir='ltr'><strong><em>ίίγια</em></strong></span> <span class='ocrx_word' id='word_1_206' title='bbox 725 2561 785 2614; x_wconf 90' lang='grc' dir='ltr'><strong><em>τῶν</em></strong></span> <span class='ocrx_word' id='word_1_207' title='bbox 799 2549 892 2634; x_wconf 82' lang='grc' dir='ltr'><strong><em>ἁγίων</em></strong></span> <span class='ocrx_word' id='word_1_208' title='bbox 906 2549 976 2614; x_wconf 82' lang='grc' dir='ltr'><strong><em>ούδέ</em></strong></span> <span class='ocrx_word' id='word_1_209' title='bbox 990 2551 1106 2625; x_wconf 89' lang='grc' dir='ltr'><strong><em>τούτοις</em></strong></span> 
     </span>
     <span class='ocr_line' id='line_1_25' title="bbox 87 2649 1105 2744; baseline -0.006 -28"><span class='ocrx_word' id='word_1_210' title='bbox 87 2655 255 2736; x_wconf 76' lang='grc' dir='ltr'><strong><em>ἐπιβαίνειν</em></strong></span> <span class='ocrx_word' id='word_1_211' title='bbox 272 2654 353 2735; x_wconf 83' lang='grc' dir='ltr'><strong><em>έξήν,</em></strong></span> <span class='ocrx_word' id='word_1_212' title='bbox 376 2653 449 2714; x_wconf 84' lang='grc' dir='ltr'><strong><em>ἀλλὰ</em></strong></span> <span class='ocrx_word' id='word_1_213' title='bbox 472 2653 563 2733; x_wconf 91' lang='grc' dir='ltr'><strong><em>μόνος</em></strong></span> <span class='ocrx_word' id='word_1_214' title='bbox 582 2650 598 2714; x_wconf 83' lang='grc' dir='ltr'>ὁ</span> <span class='ocrx_word' id='word_1_215' title='bbox 616 2649 767 2733; x_wconf 80' lang='grc' dir='ltr'><strong><em>ἀρχιερεύς</em></strong></span> <span class='ocrx_word' id='word_1_216' title='bbox 790 2650 869 2744; x_wconf 77' lang='grc' dir='ltr'><strong><em>ύπαξ</em></strong></span> <span class='ocrx_word' id='word_1_217' title='bbox 887 2658 940 2712; x_wconf 92' lang='grc' dir='ltr'><strong><em>τοῦ</em></strong></span> <span class='ocrx_word' id='word_1_218' title='bbox 959 2649 1105 2711; x_wconf 88' lang='grc' dir='ltr'><strong><em>ἐνιαυτοῦ.</em></strong></span> 
     </span>
    </p>
   </div>
   <div class='ocr_carea' id='block_1_3' title="bbox 86 2845 1105 2993">
    <p class='ocr_par' dir='ltr' id='par_1_3' title="bbox 86 2845 1105 2993">
     <span class='ocr_line' id='line_1_26' title="bbox 162 2845 1105 2920; baseline -0.006 -13"><span class='ocrx_word' id='word_1_219' title='bbox 162 2857 267 2907; x_wconf 74' lang='lat'>17—24</span> <span class='ocrx_word' id='word_1_220' title='bbox 285 2851 452 2906; x_wconf 80' lang='lat' dir='ltr'>Theodoret.</span> <span class='ocrx_word' id='word_1_221' title='bbox 467 2851 497 2903; x_wconf 92' lang='lat' dir='ltr'><strong><em>in</em></strong></span> <span class='ocrx_word' id='word_1_222' title='bbox 511 2849 557 2906; x_wconf 91' lang='lat' dir='ltr'><strong><em>HI.</em></strong></span> <span class='ocrx_word' id='word_1_223' title='bbox 571 2850 660 2920; x_wconf 83' lang='lat' dir='ltr'>Regg.</span> <span class='ocrx_word' id='word_1_224' title='bbox 677 2848 789 2915; x_wconf 71' lang='lat' dir='ltr'><strong>Quaest.</strong></span> <span class='ocrx_word' id='word_1_225' title='bbox 805 2853 839 2902; x_wconf 75' lang='lat'><strong><em>23</em></strong></span> <span class='ocrx_word' id='word_1_226' title='bbox 858 2847 954 2918; x_wconf 81' lang='lat' dir='ltr'><strong>Migne</strong></span> <span class='ocrx_word' id='word_1_227' title='bbox 968 2845 1046 2902; x_wconf 83' lang='lat' dir='ltr'><strong>Tom.</strong></span> <span class='ocrx_word' id='word_1_228' title='bbox 1062 2852 1105 2914; x_wconf 84' lang='lat'><strong><em>80,</em></strong></span> 
     </span>
     <span class='ocr_line' id='line_1_27' title="bbox 86 2923 619 2993; baseline -0.008 -15"><span class='ocrx_word' id='word_1_229' title='bbox 86 2923 179 2979; x_wconf 78' lang='grc' dir='ltr'><strong><em>οοεσ.</em></strong></span> <span class='ocrx_word' id='word_1_230' title='bbox 202 2954 238 2965; x_wconf 88' lang='grc'><strong>-</strong></span> <span class='ocrx_word' id='word_1_231' title='bbox 262 2930 296 2978; x_wconf 80' lang='lat'><strong><em>20</em></strong></span> <span class='ocrx_word' id='word_1_232' title='bbox 314 2923 361 2977; x_wconf 82' lang='grc'><strong><em>111</em></strong></span> <span class='ocrx_word' id='word_1_233' title='bbox 376 2923 465 2992; x_wconf 73' lang='lat' dir='ltr'>Regg.</span> <span class='ocrx_word' id='word_1_234' title='bbox 481 2927 511 2991; x_wconf 81' lang='grc' dir='ltr'><strong><em>ε,</em></strong></span> <span class='ocrx_word' id='word_1_235' title='bbox 525 2927 541 2976; x_wconf 87' lang='grc' dir='ltr'><strong><em>ο</em></strong></span> <span class='ocrx_word' id='word_1_236' title='bbox 557 2924 619 2993; x_wconf 88' lang='lat'>(10).</span> 
     </span>
    </p>
   </div>
   <div class='ocr_carea' id='block_1_4' title="bbox 160 3095 1104 3227">
    <p class='ocr_par' dir='ltr' id='par_1_4' title="bbox 160 3095 1104 3227">
     <span class='ocr_line' id='line_1_28' title="bbox 160 3095 1104 3227; baseline -0.01 -71"><span class='ocrx_word' id='word_1_237' title='bbox 160 3107 245 3156; x_wconf 73' lang='grc' dir='ltr'><strong><em>ὅτοῦ</em></strong></span> <span class='ocrx_word' id='word_1_238' title='bbox 263 3109 335 3156; x_wconf 87' lang='grc' dir='ltr'><strong><em>ναοῦ</em></strong></span> <span class='ocrx_word' id='word_1_239' title='bbox 354 3098 441 3227; x_wconf 78' lang='grc' dir='ltr'><strong><em>χιέσον</em></strong></span> <span class='ocrx_word' id='word_1_240' title='bbox 459 3098 518 3153; x_wconf 81' lang='lat' dir='ltr'><strong><em>RV.</em></strong></span> <span class='ocrx_word' id='word_1_241' title='bbox 542 3131 576 3139; x_wconf 88' lang='lat'>-</span> <span class='ocrx_word' id='word_1_242' title='bbox 600 3099 714 3170; x_wconf 80' lang='grc' dir='ltr'><strong><em>δοῦναι]</em></strong></span> <span class='ocrx_word' id='word_1_243' title='bbox 737 3101 836 3152; x_wconf 82' lang='grc' dir='ltr'><strong><em>θεῖναι</em></strong></span> <span class='ocrx_word' id='word_1_244' title='bbox 854 3097 880 3149; x_wconf 79' lang='lat' dir='ltr'>R</span> <span class='ocrx_word' id='word_1_245' title='bbox 903 3099 995 3164; x_wconf 84' lang='grc' dir='ltr'><strong><em>θήναι</em></strong></span> <span class='ocrx_word' id='word_1_246' title='bbox 1013 3095 1045 3148; x_wconf 91' lang='grc' dir='ltr'><strong><em>Β.</em></strong></span> <span class='ocrx_word' id='word_1_247' title='bbox 1068 3125 1104 3136; x_wconf 88' lang='grc'>-</span> 
     </span>
    </p>
   </div>
   <div class='ocr_carea' id='block_1_5' title="bbox 84 3164 1104 3525">
    <p class='ocr_par' dir='ltr' id='par_1_5' title="bbox 84 3164 1104 3525">
     <span class='ocr_line' id='line_1_29' title="bbox 86 3164 1103 3242; baseline -0.011 -14"><span class='ocrx_word' id='word_1_248' title='bbox 86 3181 104 3228; x_wconf 84' lang='grc'>4</span> <span class='ocrx_word' id='word_1_249' title='bbox 122 3173 154 3228; x_wconf 88' lang='grc' dir='ltr'><strong><em>τὸ</em></strong></span> <span class='ocrx_word' id='word_1_250' title='bbox 174 3179 263 3242; x_wconf 77' lang='grc' dir='ltr'><strong><em>μήτιος</em></strong></span> <span class='ocrx_word' id='word_1_251' title='bbox 275 3173 353 3227; x_wconf 81' lang='grc' dir='ltr'><strong><em>καλτ</em></strong></span> <span class='ocrx_word' id='word_1_252' title='bbox 383 3173 427 3226; x_wconf 87' lang='grc' dir='ltr'><strong><em>πλ.</em></strong></span> <span class='ocrx_word' id='word_1_253' title='bbox 442 3169 506 3241; x_wconf 87' lang='grc' dir='ltr'><strong><em>πήχ.</em></strong></span> <span class='ocrx_word' id='word_1_254' title='bbox 521 3169 551 3224; x_wconf 88' lang='grc' dir='ltr'><strong><em>κ’</em></strong></span> <span class='ocrx_word' id='word_1_255' title='bbox 571 3186 621 3225; x_wconf 86' lang='lat' dir='ltr'><strong><em>om.</em></strong></span> <span class='ocrx_word' id='word_1_256' title='bbox 637 3168 692 3223; x_wconf 82' lang='lat' dir='ltr'><strong><em>CF.</em></strong></span> <span class='ocrx_word' id='word_1_257' title='bbox 707 3200 742 3208; x_wconf 96' lang='lat'><em>-</em></span> <span class='ocrx_word' id='word_1_258' title='bbox 762 3173 794 3221; x_wconf 92' lang='lat'><strong><em>11</em></strong></span> <span class='ocrx_word' id='word_1_259' title='bbox 810 3165 1030 3235; x_wconf 76' lang='grc' dir='ltr'><strong><em>διαπετασμέυαι</em></strong></span> <span class='ocrx_word' id='word_1_260' title='bbox 1043 3164 1103 3218; x_wconf 87' lang='lat' dir='ltr'><strong><em>DP.</em></strong></span> 
     </span>
     <span class='ocr_line' id='line_1_30' title="bbox 86 3235 1102 3310; baseline -0.011 -11"><span class='ocrx_word' id='word_1_261' title='bbox 86 3277 121 3286; x_wconf 91' lang='lat'>-</span> <span class='ocrx_word' id='word_1_262' title='bbox 142 3250 176 3298; x_wconf 80' lang='lat'><strong><em>12</em></strong></span> <span class='ocrx_word' id='word_1_263' title='bbox 195 3248 278 3299; x_wconf 83' lang='grc' dir='ltr'><strong><em>τοῦδε</em></strong></span> <span class='ocrx_word' id='word_1_264' title='bbox 296 3243 347 3296; x_wconf 90' lang='grc' dir='ltr'><strong><em>ΒΡ</em></strong></span> <span class='ocrx_word' id='word_1_265' title='bbox 369 3241 470 3297; x_wconf 77' lang='grc' dir='ltr'><strong><em>τοῦδέ</em></strong></span> <span class='ocrx_word' id='word_1_266' title='bbox 491 3240 515 3295; x_wconf 78' lang='lat' dir='ltr'>G</span> <span class='ocrx_word' id='word_1_267' title='bbox 537 3242 569 3297; x_wconf 78' lang='grc' dir='ltr'><strong><em>δὲ</em></strong></span> <span class='ocrx_word' id='word_1_268' title='bbox 589 3241 726 3310; x_wconf 76' lang='grc' dir='ltr'><strong><em>(οιατοῦ)</em></strong></span> <span class='ocrx_word' id='word_1_269' title='bbox 745 3238 805 3292; x_wconf 83' lang='lat' dir='ltr'>rell.</span> <span class='ocrx_word' id='word_1_270' title='bbox 824 3271 859 3279; x_wconf 93' lang='lat'>-</span> <span class='ocrx_word' id='word_1_271' title='bbox 880 3243 913 3292; x_wconf 82' lang='lat'><strong><em>13</em></strong></span> <span class='ocrx_word' id='word_1_272' title='bbox 931 3237 962 3292; x_wconf 83' lang='grc' dir='ltr'><strong><em>τὸ</em></strong></span> <span class='ocrx_word' id='word_1_273' title='bbox 977 3253 1027 3290; x_wconf 85' lang='lat' dir='ltr'><strong><em>om.</em></strong></span> <span class='ocrx_word' id='word_1_274' title='bbox 1047 3235 1102 3289; x_wconf 69' lang='grc' dir='ltr'><strong><em>ΡΒ.</em></strong></span> 
     </span>
     <span class='ocr_line' id='line_1_31' title="bbox 86 3306 1103 3384; baseline -0.009 -14"><span class='ocrx_word' id='word_1_275' title='bbox 86 3349 122 3357; x_wconf 84' lang='grc'>-</span> <span class='ocrx_word' id='word_1_276' title='bbox 142 3320 175 3370; x_wconf 77' lang='lat'><strong><em>15</em></strong></span> <span class='ocrx_word' id='word_1_277' title='bbox 194 3323 243 3384; x_wconf 82' lang='grc' dir='ltr'><strong><em>τῆς</em></strong></span> <span class='ocrx_word' id='word_1_278' title='bbox 260 3312 424 3383; x_wconf 84' lang='grc' dir='ltr'><strong><em>προθέσεως</em></strong></span> <span class='ocrx_word' id='word_1_279' title='bbox 441 3312 469 3367; x_wconf 86' lang='grc' dir='ltr'><strong><em>ολ</em></strong></span> <span class='ocrx_word' id='word_1_280' title='bbox 487 3312 567 3381; x_wconf 77' lang='grc' dir='ltr'><strong><em>ἄρτοι</em></strong></span> <span class='ocrx_word' id='word_1_281' title='bbox 581 3311 626 3364; x_wconf 84' lang='lat' dir='ltr'><strong><em>FP</em></strong></span> <span class='ocrx_word' id='word_1_282' title='bbox 645 3310 673 3366; x_wconf 86' lang='grc' dir='ltr'><strong><em>ολ</em></strong></span> <span class='ocrx_word' id='word_1_283' title='bbox 691 3317 740 3378; x_wconf 79' lang='grc' dir='ltr'><strong><em>τῆς</em></strong></span> <span class='ocrx_word' id='word_1_284' title='bbox 757 3313 843 3379; x_wconf 79' lang='grc' dir='ltr'><strong><em>προθ.</em></strong></span> <span class='ocrx_word' id='word_1_285' title='bbox 866 3308 946 3376; x_wconf 81' lang='grc' dir='ltr'><strong><em>ἄρτοι</em></strong></span> <span class='ocrx_word' id='word_1_286' title='bbox 964 3308 987 3360; x_wconf 94' lang='grc' dir='ltr'>Β</span> <span class='ocrx_word' id='word_1_287' title='bbox 1006 3306 1034 3361; x_wconf 85' lang='grc' dir='ltr'><strong><em>ολ</em></strong></span> <span class='ocrx_word' id='word_1_288' title='bbox 1052 3321 1103 3362; x_wconf 85' lang='lat' dir='ltr'><strong><em>om.</em></strong></span> 
     </span>
     <span class='ocr_line' id='line_1_32' title="bbox 86 3377 1104 3455; baseline -0.011 -13"><span class='ocrx_word' id='word_1_289' title='bbox 86 3385 256 3442; x_wconf 75' lang='lat' dir='ltr'>cGLNRv.</span> <span class='ocrx_word' id='word_1_290' title='bbox 280 3416 314 3426; x_wconf 82' lang='lat'><em>-</em></span> <span class='ocrx_word' id='word_1_291' title='bbox 339 3390 372 3440; x_wconf 79' lang='lat'><strong><em>17</em></strong></span> <span class='ocrx_word' id='word_1_292' title='bbox 391 3384 461 3438; x_wconf 77' lang='grc' dir='ltr'><strong><em>αὐτὸ</em></strong></span> <span class='ocrx_word' id='word_1_293' title='bbox 479 3382 614 3437; x_wconf 79' lang='lat' dir='ltr'>DGPR&#39;V</span> <span class='ocrx_word' id='word_1_294' title='bbox 637 3383 668 3438; x_wconf 82' lang='grc' dir='ltr'><strong><em>ἐν</em></strong></span> <span class='ocrx_word' id='word_1_295' title='bbox 691 3380 810 3455; x_wconf 73' lang='grc' dir='ltr'><strong><em>αῦτῲλέ.</em></strong></span> <span class='ocrx_word' id='word_1_296' title='bbox 839 3411 872 3420; x_wconf 95' lang='grc'>-</span> <span class='ocrx_word' id='word_1_297' title='bbox 898 3385 930 3434; x_wconf 86' lang='grc'><strong><em>19</em></strong></span> <span class='ocrx_word' id='word_1_298' title='bbox 950 3377 1104 3447; x_wconf 78' lang='grc' dir='ltr'><strong><em>οἰκοδομήν</em></strong></span> 
     </span>
     <span class='ocr_line' id='line_1_33' title="bbox 84 3454 543 3525; baseline -0.009 -12"><span class='ocrx_word' id='word_1_299' title='bbox 84 3457 255 3513; x_wconf 82' lang='lat' dir='ltr'><strong>BGTheod.</strong></span> <span class='ocrx_word' id='word_1_300' title='bbox 273 3488 310 3497; x_wconf 92' lang='lat'><em>-</em></span> <span class='ocrx_word' id='word_1_301' title='bbox 328 3462 362 3510; x_wconf 73' lang='lat'><strong><em>22</em></strong></span> <span class='ocrx_word' id='word_1_302' title='bbox 381 3454 467 3525; x_wconf 85' lang='grc' dir='ltr'><strong><em>μόνος</em></strong></span> <span class='ocrx_word' id='word_1_303' title='bbox 485 3454 543 3509; x_wconf 80' lang='lat' dir='ltr'><strong><em>GR.</em></strong></span> 
     </span>
    </p>
   </div>
   <div class='ocr_carea' id='block_1_6' title="bbox 160 3631 572 3703">
    <p class='ocr_par' dir='ltr' id='par_1_6' title="bbox 160 3631 572 3703">
     <span class='ocr_line' id='line_1_34' title="bbox 160 3631 572 3703; baseline -0.007 -14"><span class='ocrx_word' id='word_1_304' title='bbox 160 3640 193 3689; x_wconf 78' lang='lat'><strong><em>19</em></strong></span> <span class='ocrx_word' id='word_1_305' title='bbox 213 3633 283 3690; x_wconf 77' lang='grc' dir='ltr'><strong><em>ὥστε</em></strong></span> <span class='ocrx_word' id='word_1_306' title='bbox 300 3633 349 3688; x_wconf 78' lang='grc' dir='ltr'><strong><em>καὶ</em></strong></span> <span class='ocrx_word' id='word_1_307' title='bbox 366 3631 418 3703; x_wconf 80' lang='grc' dir='ltr'><strong><em>τήν</em></strong></span> <span class='ocrx_word' id='word_1_308' title='bbox 435 3631 572 3687; x_wconf 82' lang='lat' dir='ltr'>PTheod.</span> 
     </span>
    </p>
   </div>
   <div class='ocr_carea' id='block_1_7' title="bbox 0 0 1314 3909">
    <p class='ocr_par' dir='ltr' id='par_1_7' title="bbox 0 0 1314 3909">
     <span class='ocr_line' id='line_1_35' title="bbox 0 0 1314 3909; baseline 0 0"><span class='ocrx_word' id='word_1_309' title='bbox 0 0 1314 3909; x_wconf 95' lang='lat' dir='ltr'><strong><em> </em></strong></span> 
     </span>
    </p>
   </div>
  </div>
 </body>
</html>
