2617 3909
161 230 248 279 XLVI
566 228 767 279 PRAEFATIO

160 375 305 457 τάγματος
318 375 537 455 χρονογραφίας
550 376 702 457 Γεωργίου
717 384 851 456 μοναχοῦ
868 373 919 436 καὶ
932 373 1076 457 συγιέίου
1089 379 1182 437 Κων-

160 465 429 536 σταντινουιτόλεως
441 459 635 543 νέαςῬιόμης.
659 466 691 524 Ρ.
702 468 775 541 145,
782 468 824 526 20
833 468 1040 525 ornamentum
1054 467 1181 527 rubrum

161 557 296 632 sequitur
312 554 469 631 inscriptio
489 552 563 634 Περὶ
582 563 641 614 τῶν
659 563 775 637 κριτῶν.
813 547 901 634 'Appi
920 553 987 635 περὶ
1005 562 1059 615 τοῦ
1070 548 1180 616 Ἰούδα.

160 643 192 703 Ρ.
215 645 286 719 159,
304 645 344 703 15
361 643 563 719 subscriptum
577 647 622 704 est
635 641 716 717 τέλος
729 652 790 704 τῶν
802 652 911 725 κριτῶν
922 638 1048 724 Ἰσραὴλ,
1062 665 1090 720 p.
1104 647 1181 721 166,

162 735 180 791 5
200 733 376 809 inscriptum
387 726 474 811 Ἀρχη
489 740 542 811 τῆς
555 733 704 811 βασιλείας
714 726 876 793 Ἰουδαίων.
909 730 986 813 Περί
998 741 1052 793 τοῦ
1066 734 1180 794 Σαοόλ.

159 824 257 882 Parvo
276 824 451 881 ornamento
470 841 562 897 supro
579 825 696 881 textum
713 824 811 899 posito
829 843 858 899 p.
880 825 953 897 189,
968 824 987 881 5
1008 821 1180 883 Salomonis

159 930 285 990 regnum
303 911 425 970 initium
444 930 560 971 sumere
579 911 772 990 significatur.
804 911 838 970 P.
854 914 928 985 251,
944 913 986 971 10
999 912 1180 988 inscriptum
1300 995 1301 998 ρ

160 993 304 1081 οεἙἈρχη
323 998 460 1081 περὶτῆς
478 1000 626 1079 βασιλείας
640 1000 819 1079 Σαμαρείας.
852 998 927 1079 Περί
935 993 1089 1080 Ἱεροβοὰμ
1106 1000 1180 1061 νίοῦ

159 1086 267 1169 Ναβὰν
289 1086 431 1169 βασιλέως
450 1090 630 1170 Σαμαρείας,
653 1110 681 1167 p.
703 1091 834 1165 264,17
859 1086 934 1168 Περὶ
956 1096 1010 1167 τῆς
1027 1089 1180 1168 βασιλείας

160 1177 430 1258 Ναβουχοδονόσορ
448 1176 590 1258 βασιλέως
603 1178 817 1258 Βαβυλωνίων;
835 1199 864 1255 p.
881 1180 954 1254 271,
970 1180 1011 1237 27
1029 1178 1179 1257 subscrip·

158 1271 224 1328 tum
248 1271 293 1328 est
315 1266 396 1341 τέλος
418 1277 477 1328 τῶν
495 1267 664 1328 Χαλδαίων.
705 1268 737 1328 Ρ.
758 1269 864 1343 293,1
889 1268 921 1326 in
943 1268 1053 1327 ultimo
1076 1270 1178 1345 capite
1301 1291 1302 1338 ι

159 1358 280 1418 secundi
302 1359 372 1418 libri
390 1358 574 1432 Murcltisni
596 1358 648 1416 ubi
671 1358 721 1417 hic
739 1357 854 1417 indicet
875 1357 1084 1417 tantummodo
1103 1357 1178 1417 Goe-

159 1450 233 1507 scris
256 1448 415 1523 imperium
439 1467 552 1507 sumere
575 1446 706 1520 initium,
728 1450 760 1505 in
781 1446 816 1505 Ου’
834 1445 1009 1505 inscribitur
1029 1444 1105 1526 Περί
1122 1455 1178 1525 τῆς

158 1536 307 1615 βασιλείας
319 1529 481 1615 Ἧομαίων,
500 1555 528 1610 p.
544 1536 618 1609 378,
635 1536 677 1594 10
696 1536 740 1593 cd.
755 1536 829 1593 Mur.
849 1536 881 1593 in
899 1535 964 1595 loco
982 1536 1177 1612 interpolato,

159 1644 248 1701 quem
275 1644 342 1683 mec
370 1625 461 1684 editio
493 1642 553 1684 non
584 1626 803 1700 repraesentet,
835 1621 911 1704 Περί
942 1632 995 1701 τῆς
1026 1624 1179 1703 βασιλείας
1302 1649 1303 1654 “

158 1714 370 1774 Κωνσταντίου
384 1721 437 1773 τοῦ
456 1716 583 1792 Χλωροῦ
600 1721 654 1772 τοῦ
673 1711 782 1794 πατρὸς
801 1720 854 1773 τοῦ
873 1712 1000 1793 μεγάλου
1014 1716 1177 1773 Κωνσταν-

157 1804 253 1882 τίνου,
270 1824 298 1880 p.
315 1803 388 1879 485,
404 1804 423 1861 4
441 1796 527 1882 Ἀρχὴ
546 1809 599 1880 τῆς
616 1810 676 1861 τῶν
695 1805 882 1883 Χριστιανῶν
900 1802 1057 1881 βασιλείας.
1098 1802 1176 1882 Περὶ

158 1900 211 1961 ,τοῦ
226 1892 353 1973 μεγάλου
367 1892 606 1968 Κωνσταντίνου,
624 1911 700 1967 quse
714 1889 788 1972 όρχὴ
802 1894 834 1950 in
849 1894 954 1951 ceteris
969 1891 1063 1968 libris,
1082 1895 1176 1951 etism

157 1983 204 2057 iis,
227 1982 278 2058 ‘lui
301 1982 378 2041 libro
404 1981 439 2041 Ου’
461 1981 565 2040 affines
589 1983 668 2055 sunt,
690 1983 854 2057 posteriore
877 1982 943 2041 loco
962 1974 1004 2062 (p.
1025 1983 1099 2056 489,
1115 1975 1174 2062 21)

158 2073 262 2131 exstet.
308 2071 344 2130 In
367 2071 488 2150 genuini
510 2071 642 2130 chronici
664 2069 723 2128 fine
746 2071 948 2145 subscriptum
970 2073 1016 2129 est
1037 2067 1093 2141 ἕως
1115 2061 1175 2130 ὧδε

156 2158 189 2220 τὸ
211 2158 302 2242 τέρας
329 2158 364 2220 τὰ
385 2158 507 2240 χρονικὰ
529 2160 679 2239 Γεωργίου
706 2156 849 2239 συγγέλου
876 2155 1016 2232 ὡσαύτως
1042 2157 1093 2218 καί
1118 2168 1174 2220 τοῦ

157 2248 325 2330 λογοθέτου.
359 2249 552 2309 Oontinuutio
566 2249 698 2307 chronici
715 2248 888 2308 inscribitur
898 2242 986 2329 Ἀρχή
1000 2255 1054 2307 τοῦ
1067 2270 1174 2327 χρονο-

156 2338 275 2420 γροίφου
296 2346 350 2398 τοῦ
373 2346 472 2416 σοφοῦ
494 2336 543 2397 καί
565 2337 745 2417 λογιωτάτου
767 2335 938 2418 λογοθέτου.
982 2334 1064 2417 μέχρι
1086 2337 1174 2397 τοῦδε

157 2426 310 2507 ἱστόρησεν
338 2424 353 2488 ὁ
383 2426 510 2506 μοναχὸς
537 2425 685 2506 Γεώργιος
714 2425 854 2507 σόγγελος
879 2434 932 2486 τοῦ
960 2434 1173 2506 πατριαρχικοῦ

157 2514 272 2595 θρόνου
294 2514 643 2587 Κωνσταντινουττόλεως.
689 2516 794 2575 Finem
819 2517 893 2575 facit
917 2515 993 2574 liber
1021 2534 1114 2592 aeque
1137 2536 1172 2575 cc

156 2606 211 2664 Mo
236 2608 363 2663 mortem
389 2605 517 2664 Romani
540 2604 691 2681 Laccpeni
714 2625 742 2682 p.
763 2606 841 2679 851,
863 2606 902 2664 18
926 2604 1002 2663 Mur.
1048 2605 1085 2663 In
1111 2604 1172 2663 fine

156 2694 356 2769 subscriptum
374 2697 432 2753 est:
455 2691 504 2755 ἐπί
526 2692 609 2767 ἔτους
632 2687 692 2767 ζξε’
711 2687 751 2775 (ο.
773 2687 873 2775 1557)
892 2691 967 2753 κατὰ
985 2701 1066 2772 μῆνα
1085 2714 1171 2773 φευρ.

155 2783 237 2863 τρίτη
259 2779 416 2861 ἱσταμένου
439 2782 623 2855 ίνδικτιῶνος
645 2775 681 2843 ιε’
699 2781 729 2855 ἐξ
752 2781 923 2863 ἕτιδαόρου.

222 2873 258 2931 In
275 2874 440 2949 posteriore
460 2874 590 2932 chronici
604 2876 691 2949 perte
709 2873 806 2932 mults
824 2893 859 2932 ex
876 2875 914 2931 iis
934 2890 1011 2948 quse
1025 2870 1173 2950 Georgius

156 2962 275 3039 scripsit
297 2961 413 3021 obsunt
459 2960 569 3023 Omisit
596 2966 697 3021 cutem
723 2963 863 3022 librarius
886 2964 1056 3021 universum
1078 2962 1170 3020 dere

155 3054 321 3111 monastico
340 3052 619 3111 commentationem
641 3072 670 3128 p.
689 3053 819 3127 327,12
844 3069 937 3128 usque
961 3050 999 3110 ed
1023 3052 1169 3126 364,11,

155 3160 295 3219 meg-nam
318 3142 355 3201 de
375 3142 439 3200 vitu
462 3142 530 3217 post
546 3144 675 3200 mortem
698 3160 733 3199 er
752 3140 946 3216 scriptoribus
964 3140 1171 3199 ecclesiasticis

155 3233 359 3306 excerptorum
384 3233 508 3306 purtem.
555 3230 586 3288 P.
608 3231 747 3305 683,16
771 3231 884 3306 scripta
905 3230 967 3288 ism
990 3228 1082 3289 verba
1108 3221 1171 3287 εἶτα

156 3317 204 3377 καὶ
227 3320 279 3379 τὸν
297 3316 425 3397 κλέπτην
448 3318 607 3395 αἰφνιδίως
628 3318 800 3379 εἰσελθόντα
818 3321 917 3393 erasit
941 3318 1031 3377 verbe
1049 3315 1085 3376 τὰ
1102 3315 1171 3394 ἑξῆς

156 3407 266 3467 τούτων
295 3409 464 3483 substituit,
496 3408 669 3469 universum
695 3408 794 3467 locum
820 3427 915 3483 usque
941 3407 980 3466 ed
1006 3427 1035 3483 p.
1056 3408 1168 3481 697,7

154 3498 362 3574 praetermisit.
400 3499 559 3557 Nonnullis
577 3498 650 3557 locis
674 3498 749 3557 folia
766 3516 862 3556 vocuo
883 3497 989 3555 relicte
1007 3498 1078 3554 sunt
1099 3498 1170 3555 ente

155 3605 231 3662 quse
257 3590 357 3647 textus
383 3588 481 3647 medio
509 3590 540 3646 in
569 3587 725 3646 enuntiato
753 3585 872 3645 deficit..
907 3584 1049 3661 Sequitur
1077 3584 1170 3643 etism
