2617 3909
504 237 693 288 XPONIKON
1042 235 1107 299 267

92 382 238 466 αὐτῷκαὶ
256 382 292 444 τὰ
311 384 406 466 θηρία
423 393 476 444 τοῦ
496 382 591 466 άγρού
608 383 782 466 ἐργάζεσθαι
800 383 887 469 αύτῷ,
905 382 955 444 καλ
972 383 1005 445 τὸ
1019 384 1110 458 ἔθνος

90 478 175 560 καλή
190 481 331 561 βασιλεία,
351 481 414 543 ὅσοι
433 479 471 543 &v
490 482 530 562 μή
550 481 698 562 ἐμβάλωσι
713 481 765 543 τὸν
779 482 923 562 τράχηλον
936 481 1037 544 αὐτῶν
1048 481 1109 544 ύπλ

91 580 144 642 τὸν
167 579 257 660 ζυγὸν
279 577 383 659 αὐτοῦ,
405 578 438 641 ἐν
461 581 589 663 μαχαίρᾳ
610 579 662 640 καλ
684 579 717 641 ἐν
739 585 813 664 λιμῷ
834 579 1032 660 ἐπισκέψομαι
1054 580 1109 641 αύ-

91 676 172 757 τούς,
195 676 251 750 ἕως
273 675 311 738 ῶν
334 676 505 740 ἐκλείπωσιν
533 677 565 739 ἐν
579 677 666 759 ’χειρὶ
690 677 791 739 αύτοῶ.
836 679 899 739 καί·
923 678 1026 758 ἰταμός
1048 678 1109 740 ἐστι

92 774 143 837 καί
175 774 232 837 ούκ
263 774 380 854 ἐλεήσει.
426 776 514 855 φωνή
547 775 639 838 αὐτοῦ
673 773 713 849 ῶς
744 777 881 836 θάλασσα
912 778 1108 856 κυμαίνουσα.
1136 798 1148 838 ε

92 869 143 952 ἐφ’
167 873 271 946 ἵπποις
293 878 413 947 πολλοῖς
434 873 485 935 καί
507 874 618 956 άρμασι
639 873 834 954 παρατάξεται
856 872 896 947 ὡς
915 883 976 955 πῦρ
994 875 1037 948 είς
1054 876 1115 937 πό·-

92 977 181 1051 λεμον
204 970 255 1032 ἐπί
271 989 314 1052 σε,
335 973 465 1054 θύγατερ
484 971 576 1032 Σιών.
613 973 676 1032 καί·
699 969 759 1033 άπὸ
778 981 885 1051 φωνῆς
903 969 997 1055 ὁρμῆς
1015 972 1109 1034 αύτού

91 1068 142 1130 καλ
169 1067 228 1130 άπὸ
263 1078 322 1130 τῶν
354 1069 453 1132 ὅπλων
484 1078 544 1130 τῶν
575 1069 678 1130 ποδῶν
698 1069 798 1132 αὐτοῦ
825 1068 876 1131 καλ
901 1067 961 1131 άπὸ
988 1079 1109 1149 σεισμοῦ

90 1177 151 1228 τῶν
168 1164 307 1248 ’ἁρμάτων
329 1166 380 1228 καλ
397 1164 473 1247 ήχου
491 1175 604 1249 τροχῶν
622 1167 723 1229 αὐτοῦ.
764 1167 821 1229 ούκ
840 1167 1110 1247 έπιστραφήσονται

90 1264 213 1346 πατέρες
234 1264 283 1326 έπλ
305 1265 392 1338 υἱούς
414 1264 513 1326 αὐτῶν
535 1263 595 1325 άπὸ
617 1264 761 1338 έκλύσεως
783 1275 887 1346 χειρῶν
906 1265 1014 1327 αύτῶν.
1046 1267 1108 1326 καί·
1123 1288 1150 1327 ιο

90 1363 124 1424 ἐκ
147 1362 213 1424 Δάν
236 1361 455 1442 ἀκουσθήσεται
478 1361 566 1441 φωνή
591 1360 732 1441 ὀξύτητος
751 1364 852 1424 ἵππων
870 1361 964 1424 αύτοῶ
981 1361 1032 1423 καλ
1049 1361 1109 1424 άπὸ

90 1470 198 1541 φωνῆς
220 1470 410 1541 χρεμετισμοῶ
433 1461 575 1533 ἱππασίας
604 1460 698 1522 αύτοῶ
720 1461 908 1539 σετσθήσεται
929 1470 1010 1521 πᾶσα
1031 1457 1051 1539 ή
1070 1469 1109 1543 γῆ

91 1557 198 1638 ἐκείνη.
244 1557 294 1620 καλ
325 1558 390 1638 ήξει
420 1557 471 1619 καλ
503 1558 627 1640 φάγεται
658 1558 714 1638 τήν
742 1567 801 1640 γῆν
828 1557 878 1619 καλ
905 1559 938 1621 τὸ
964 1558 1111 1640 πλήρωμα

90 1656 199 1737 αὐτῆς,
224 1655 324 1730 πόλεις
350 1655 401 1718 καλ
427 1657 497 1730 τούς
524 1657 557 1719 έν
580 1657 683 1730 αύταῖς
705 1665 923 1729 κατοικοῦντας.
970 1653 1110 1728 ὡσαύτως

91 1753 124 1817 δὲ
147 1753 198 1815 καλ
225 1753 276 1815 διὰ
295 1749 430 1834 Ἰεζεκιήλ
456 1755 534 1816 ούτω
562 1754 649 1837 λέγει·
675 1755 742 1817 ἰδού
765 1752 822 1836 ἐγὼ
844 1754 944 1836 ἐπάγω
967 1753 1015 1816 ἐπί
1038 1753 1109 1835 Σῶρ
1124 1777 1149 1817 ω

89 1852 144 1916 τὸν
166 1852 445 1934 Ναβουχοδονύσωρ
468 1851 589 1932 βασιλέα
611 1855 806 1933 Βαβυλῶνος,
835 1852 868 1926 ὅς
889 1851 949 1914 ἐστι
972 1852 1109 1931 βασιλεὺς

89 1949 250 2031 βασιλέων,
274 1943 343 2030 μεθ’
369 1939 470 2012 ῗππλνν
496 1950 547 2011 καὶ
574 1949 713 2032 ἁρμάτων
736 1950 786 2011 καλ
809 1958 985 2030 συναγωγῆς
1007 1949 1108 2011 ἐθνῶν

89 2053 208 2110 πολλῶν
231 2047 359 2128 σφόδρα,
381 2047 431 2109 καλ
453 2050 609 2129 περιβαλεῖ
630 2066 678 2110 σοι
704 2049 821 2128 τάφρον
846 2046 897 2107 καλ
919 2048 1110 2126 οἰκοδομήσει

88 2164 122 2208 σε
150 2145 249 2229 κύκλῳ
281 2146 393 2227 χάρακα
425 2145 474 2207 καὶ
506 2145 675 2228 περίστασιν
702 2135 817 2224 ὅπλων,
848 2142 898 2206 καλ
925 2143 978 2216 τὰς
1003 2144 1111 2225 λόγχας

88 2244 184 2305 αύτοῶ
207 2241 350 2305 άπέναντί
371 2262 425 2305 σου
449 2244 544 2305 δώσει.
580 2243 616 2304 τὰ
638 2245 717 2322 τείχη
741 2261 796 2304 σου
819 2241 869 2303 καλ
887 2242 957 2315 τούς
974 2242 1108 2323 πύργους
1122 2266 1149 2305 εο

90 2360 147 2403 σου
179 2346 303 2403 καθελεῖ
329 2341 362 2403 ἐν
388 2347 450 2415 τοῖς
479 2341 580 2415 ὅπλοις
607 2341 715 2420 αὐτοῦ,
743 2338 801 2401 άπὸ
830 2337 863 2401 δὲ
889 2349 943 2401 τοῦ
970 2339 1109 2418 πλήθους

88 2449 151 2501 τῶν
187 2439 286 2502 ἵππων
322 2439 414 2501 αύτοῶ
446 2439 574 2516 καλύψει
606 2455 637 2500 σε
670 2436 686 2499 ὁ
718 2437 871 2519 κονιορτὸς
905 2436 1013 2498 αύτῶν.
1058 2436 1108 2498 καλ

90 2714 125 2762 26
151 2643 179 2761 74
192 2636 248 2692 Jer.
259 2643 285 2707 6,
295 2643 337 2692 23.
353 2670 386 2678 -
403 2643 417 2690 7
432 2637 486 2692 ίετ.
502 2643 535 2690 29
546 2639 611 2708 (47),
622 2642 645 2691 3.
658 2667 691 2676 -
707 2643 739 2691 11
754 2635 944 2704 Jer.8‚16.-
959 2641 992 2690 15
1006 2635 1106 2691 Ezech.

129 2752 136 2778 ν
176 2725 231 2780 θέλ·

162 2882 179 2930 4
194 2873 342 2931 ἐκλίπωσιν
356 2876 525 2933 FHRVJer.
541 2909 574 2918 —
589 2883 605 2931 8
621 2876 714 2931 ὁπλῶν
727 2877 827 2932 ίετοαι.
839 2909 874 2917 -
889 2882 921 2930 15
937 2875 968 2932 δὲ
982 2875 1033 2931 om.
1049 2876 1104 2929 LR.

90 2980 125 2988 -
145 2947 197 3017 ἐγὼ
217 2964 267 3003 om.
287 2948 367 3002 codd.
385 2955 495 3017 praeter
512 2948 589 3002 ALP.
615 2979 649 2988 —
673 2949 740 3020 οὼρ]
760 2948 808 3016 σὸρ
829 2947 849 3002 G
873 2949 902 3002 σὲ
921 2948 944 3000 Β
968 2949 1002 3002 σθ
1021 2946 1048 3000 Η
1066 2948 1106 3015 (σὲ

89 3019 150 3088 Σὸρ
165 3019 230 3088 Ετ.).
246 3051 280 3058 -
296 3024 329 3074 19
344 3020 385 3090 σε]
402 3017 447 3075 ἐπί
462 3037 490 3074 σε
505 3019 581 3074 ΡΕτ,
602 3019 682 3074 σοιΡ
701 3036 752 3076 σου
766 3020 788 3072 Β
804 3037 854 3074 om.
869 3020 902 3072 R.
920 3051 955 3059 —
973 3024 1006 3072 22
1022 3017 1038 3074 θ
1052 3035 1104 3073 ονε.

89 3091 172 3146 codd
183 3097 294 3160 praeter
311 3091 367 3145 ΑΡ.

95 3271 100 3282 ’
165 3265 197 3313 11
217 3267 315 3328 φωνῆς
336 3260 424 3314 Ρ.-
450 3265 483 3313 13
501 3258 696 3350 καταφύγωσι
713 3259 859 3312 Ρ.]εε-
884 3257 935 3326 τήν
958 3265 1012 3329 γῆν
1036 3255 1107 3312 ἐκεί-

90 3330 238 3400 νηνΡ.-
255 3335 295 3386 14
306 3337 339 3385 15
353 3351 459 3386 αατοικ.
475 3329 524 3384 διὰ
538 3331 569 3387 δέ
584 3329 701 3398 λέζεκιήλ
715 3347 813 3399 φησιν
828 3328 897 3384 τάδε
910 3280 982 3400 λέγει
996 3327 1109 3384 άιλωναῒ

90 3401 281 3470 κύριοςΡ-
297 3402 364 3457 17
349 3402 481 3472 αρμάτων
500 3403 549 3456 καλ
563 3401 671 3457 λππέων
686 3402 736 3456 καλ
742 3418 809 3478 συν.
823 3400 951 3454 ΡΕκμ-
968 3406 1002 3454 22
1020 3419 1108 3454 κατα-

90 3473 212 3542 καλύψει
226 3472 304 3526 ΡΕτ.
314 3505 349 3516 -
359 3473 560 3529 ΡοελαύτῶνΡ
573 3473 637 3528 aad.
648 3455 805 3528 eoeEze⁰ch=
820 3473 871 3527 καὶ
883 3472 941 3526 άπὸ
951 3479 1108 3562 τῆςφωνῆς

88 3554 147 3600 τῶν
166 3543 274 3598 λππέων
293 3545 380 3599 αὐτοῦ
399 3545 448 3600 καλ
465 3553 521 3598 τῶν
540 3552 646 3614 τροχῶν
663 3544 749 3600 τῶν
735 3543 867 3613 αρμάτιον
886 3544 973 3598 αύτού
992 3543 1107 3611 σεισθῆ-

90 3633 168 3670 σεται
195 3615 231 3670 τὰ
252 3613 328 3688 τείχη
352 3633 411 3672 σου.
448 3613 680 3685 είσπορευομένου
703 3616 735 3672 θλ
758 3615 846 3670 αύτοῦ
871 3615 901 3671 ἐν
924 3623 986 3677 ταῖς
1008 3614 1107 3677 ὁπλαις
