2617 3909
528 212 717 264 XPONIKON
1086 210 1128 274 57

187 359 308 422 Τούτων
327 352 384 422 σύν
402 360 479 422 ούτω
497 357 712 442 κληρωθίντων
731 356 747 420 ὁ
766 368 819 420 τοῦ
837 358 909 439 Χὰμ
926 359 992 432 υίὸς
1005 358 1131 420 Χαναὰν

117 456 192 519 ἰδὼν
214 458 269 538 τήν
291 457 366 538 πρὸς
387 464 427 542 τῷ
445 458 572 543 Λιβύνιμ
595 467 653 540 γήν
681 457 725 519 ὅτι
750 455 853 539 ἀγαθή
876 455 906 519 τί
928 457 988 520 ἐστι
1010 455 1059 519 καί
1082 455 1131 520 εύ-

1 551 3 560 ’
116 577 213 637 φορος
229 554 281 616 καλ
297 554 372 617 κατὰ
389 554 467 618 πολύ
483 565 536 636 τής
554 554 662 617 ἑαυτοῦ
682 556 892 618 διαλλάττουσα
908 565 975 638 γής,
993 578 1130 638 τυραννι-
1145 581 1170 620 ιι
1185 578 1215 618 σι.

114 663 176 726 κῶς
198 652 394 735 καύήρπασεν
416 653 511 734 αύτήν
538 652 589 714 καί
611 653 682 726 τοὺς
704 652 737 717 ἐκ
759 661 812 716 τοῦ
835 654 906 734 Σήμ
928 653 1132 737 κληρονόμους

115 750 271 831 ἐξήλασεν,
297 750 348 814 καί
375 752 452 814 ούτω
479 761 559 813 πᾶσα
586 759 625 833 γή
653 761 707 831 τής
733 750 905 834 ἐπαγγελίας
931 761 984 814 τού
1006 751 1132 814 Χαναὰν
1159 755 1173 816 ’σ

116 849 360 931 προσαγορεύων.
410 847 575 911 κάντεῦθεν
605 850 709 911 τοίνυν
740 846 757 910 ὁ
785 850 899 924 δίκαιος
930 850 1031 933 κριτής
1063 849 1133 930 μετὰ

116 956 209 1008 ταῦτα
231 952 294 1020 τοῖς
320 946 354 1009 ἐκ
375 956 429 1008 τού
451 945 523 1026 Σήμ
544 947 623 1020 υἱοῖς
642 941 759 1029 Ἰσραήλ
785 945 936 1010 ἀπέδωκεν
963 947 1058 1029 αύτήν
1084 947 1133 1010 διὰ

113 1040 215 1124 Ἰησοῦ
241 1053 294 1106 τοῦ
321 1045 429 1126 Νανή,
455 1043 559 1118 καθὼς
585 1043 636 1106 καὶ
662 1051 701 1129 τῷ
717 1038 850 1127 Ἀβραὰμ
876 1047 1132 1129 προεπηγγείλατο.

119 1143 235 1216 δίκαιος
256 1142 313 1225 γὰρ
336 1141 352 1205 ὁ
374 1142 477 1226 κύριος
499 1141 550 1203 καλ
573 1142 765 1216 δικαιοσύνας
786 1141 948 1224 ήγύπησεν.
993 1195 994 1200 ,

450 1334 512 1419 [ιζ’.
549 1337 639 1420 Περί
658 1331 805 1420 Ῥαγαύ]
1149 1361 1174 1402 ιο

182 1456 291 1544 Ῥαγαύ
322 1459 354 1524 δὲ
385 1462 543 1544 γενόμενος
573 1461 647 1524 ἑτῶν
679 1455 747 1546 ρλβ’
773 1461 910 1545 ἐγέννησε
941 1464 994 1527 τὸν
1020 1462 1136 1547 Σερούχ

118 1559 171 1623 καί
193 1559 264 1640 μετὰ
282 1569 369 1622 τοῦτο
391 1560 493 1640 ἔζησεν
515 1560 566 1640 ἔτη
585 1558 631 1635 σζ’
648 1559 699 1622 καί
719 1560 852 1624 ἀπέθανε
875 1562 964 1641 ζήσας
985 1560 1021 1623 τὰ
1038 1562 1136 1624 πάντα

120 1658 172 1739 ἔτη
195 1652 273 1719 τλθ’.

446 1753 515 1836 [ιη’.
547 1755 637 1840 Περὶ
660 1756 814 1839 Σερούχ]

188 1879 303 1962 Σερούχ
325 1879 357 1944 δὲ
379 1880 537 1963 γενόμενος
559 1880 633 1944 ἐτῶν
656 1878 703 1963 ρλ’
721 1880 858 1964 ἐγέννησε
880 1882 932 1944 τὸν
952 1882 1064 1964 Ναγὼρ
1085 1881 1135 1944 καὶ
1150 1902 1175 1946 τε

120 1978 193 2060 μετὰ
206 1987 292 2040 τοῦτο
310 1978 411 2059 ἔζησεν
425 1979 475 2058 ἔτη
494 1976 526 2041 σ’
543 1978 593 2041 καί
607 1978 739 2042 ἀπέθανε
757 1979 847 2059 ζήσας
860 1979 895 2041 τὰ
909 1980 1004 2042 πάντα
1018 1980 1067 2060 ἔτη
1086 1979 1134 2042 τλ’.

118 2075 153 2151 ὃς
176 2087 291 2158 πρῶτος
312 2075 421 2158 ήρξατο
443 2087 497 2140 τοῦ
516 2071 692 2157 Ἑλληνικοῦ
714 2077 859 2160 δόγματος
882 2077 932 2139 διὰ
954 2077 1023 2151 τούς
1045 2078 1136 2139 πύλαι

120 2173 301 2258 γενομένους
323 2174 499 2255 πολεμιστὰς
521 2172 708 2257 ήήγεμόνας
725 2174 746 2257 ή
764 2175 931 2257 πράξαντάς
947 2197 976 2236 τι
998 2174 1136 2257 ἀνδρεῖον

120 2272 227 2355 ἀρετῆς
249 2272 299 2334 καί
318 2272 437 2354 μνήμης
455 2271 550 2353 όίξιον,
573 2271 627 2348 οὓς
644 2272 696 2334 καί
713 2272 851 2354 ἀνδριᾶσι
868 2277 983 2353 στηλῶν
1000 2271 1135 2352 ἐτίμησεν

120 2370 162 2445 ὥς
193 2369 312 2453 ἀγαθόν
338 2394 366 2432 τι
397 2372 588 2453 πεπραχότας.
635 2372 667 2432 οἱ
691 2369 724 2434 δὲ
755 2370 825 2451 μετὰ
856 2379 947 2432 ταῦτα
978 2368 1135 2453 όίνθρωποι
1150 2393 1176 2434 ιο

120 2468 300 2551 ἀγνοοῦντες
321 2469 377 2549 τήν
398 2478 459 2530 τῶν
480 2470 638 2551 προγόνων
660 2470 796 2550 γνώμην,
820 2468 865 2530 ὅτι
887 2465 928 2542 ὡς
950 2469 1136 2551 προπάτορας

119 2565 172 2629 καί
204 2565 329 2649 ἀγαθῶν
360 2567 539 2649 πραγμάτων
569 2565 727 2646 ἔπινοητᾶς
760 2566 900 2646 ἐτίμησαν
932 2566 1051 2647 μνήμης
1086 2565 1136 2628 καλ

196 2761 273 2809 1-6
296 2758 331 2825 ef.
350 2755 407 2810 Leo
426 2754 472 2810 Gr.
487 2774 518 2827 p.
538 2760 581 2822 17,
602 2759 699 2825 ΙΒοςη.
720 2786 753 2795 -
773 2759 788 2808 9
807 2754 903 2810 Psalm
922 2761 956 2810 10
975 2757 1083 2826 (11)‚,7.
1102 2787 1136 2796 -

123 2833 238 2882 11-16
257 2825 325 2882 Gen.
341 2833 384 2893 11,
398 2830 496 2897 203qq.
515 2859 551 2870 -
571 2831 676 2897 17-γ.
691 2830 766 2893 58‚2
783 2826 850 2880 Mal.
865 2844 895 2897 μ.
912 2832 1068 2898 σο,16εηη.
1101 2827 1135 2894 cf.

121 2905 218 2955 ικκοι.
234 2899 273 2954 ιο
290 2897 357 2954 Mal.
368 2915 399 2968 p.
414 2904 457 2966 ει,
473 2904 497 2952 1.

196 3083 211 3130 1
229 3076 337 3130 τούτων
355 3071 407 3131 ούν
426 3073 499 3130 ούτω
513 3073 614 3130 cDFP
629 3075 737 3130 τούτων
756 3070 806 3129 ούν
824 3074 919 3131 τῶυΙλ
939 3075 1046 3130 τούτων
1064 3072 1136 3128 ούτω

121 3147 183 3204 rell.
194 3177 228 3188 -
242 3143 445 3216 κληρωύέντων
455 3145 649 3201 ABFGHMP
662 3143 894 3215 κληροδοθέντων
908 3145 955 3200 CV
969 3146 1137 3216 κληροόοτη-

121 3217 235 3274 θέντων
248 3217 334 3272 DLR.
348 3249 381 3259 —
397 3224 413 3272 6
427 3216 635 3288 προσηγόρευτο
648 3216 697 3271 BG
715 3215 935 3287 προσηγόρευται
949 3217 982 3270 R.
993 3248 1026 3257 -
1042 3220 1057 3269 ⁷
1072 3216 1138 3279 τούς

122 3321 157 3331 -
166 3289 248 3352 υἱούς
263 3289 324 3344 BR.
352 3291 391 3344 Ικ
403 3289 426 3343 Ρ
438 3288 513 3353 υἱοῖς
529 3307 564 3344 επ
580 3287 661 3351 υἱούς
679 3305 747 3344 συντ.
767 3318 801 3329 -
821 3294 836 3343 8
856 3285 930 3356 ναυή
943 3287 1013 3341 LPR
1031 3285 1099 3342 ναυί
1112 3288 1138 3340 A

6 3413 10 3421 .
122 3369 197 3431 ναυή
215 3360 276 3415 rell.
296 3392 330 3402 -
351 3367 383 3416 11
403 3357 495 3433 όαγόιβ
511 3359 573 3414 BN.

123 3592 179 3662 μή
195 3527 212 3576 8
231 3521 280 3576 καί
298 3538 348 3646 οηγ.
363 3520 393 3575 Ρ.
413 3551 447 3562 -
472 3526 505 3576 17
524 3529 633 3589 πρῶτος
651 3519 702 3590 μὲν
720 3518 824 3588 ήρξατο
842 3517 872 3573 P.
898 3551 931 3560 -
957 3523 990 3573 19
1009 3519 1057 3574 καλ
1076 3526 1139 3575 ουλε

179 3613 233 3663 μσς
250 3609 301 3647 om·
339 3637 345 3648 .
