2617 3909
534 240 736 291 PRAEFATIO
815 198 818 202 ²
1059 249 1063 257 “
1080 236 1147 290 XXI

122 385 338 471 exstat-’Appii
365 398 418 469 τῆς
435 393 562 471 Περσῶν
591 389 756 467 βασιλείας,
787 391 904 448 numeri
935 388 1032 447 denuo
1061 388 1100 445 ab
1127 384 1147 445 ἆ

122 482 283 557 incipiunt
324 480 358 538 P.
378 481 452 555 293,
472 484 489 539 7
514 498 617 539 rursus
634 480 788 537 invenitur
809 480 967 554 inscriptio
987 471 1075 556 ’Λςνςὴ
1093 484 1147 554 τῆς

110 578 185 630 ,τῶν
208 563 361 647 Ῥωμαίων
388 569 551 647 βασιλείας,
582 586 686 627 mrsus
713 567 752 626 ab
780 564 799 625 ἆ
825 566 1003 643 incipientes
1030 568 1148 625 numeri

126 678 224 735 usque
243 658 514 735 adVespasianum
532 660 693 733 ponuntur.
729 656 763 715 P.
778 658 853 731 489,
868 658 908 714 21
929 655 1085 715 exhibetur
1101 656 1148 713 in-

123 750 251 824 scriptio
272 740 360 827 ’Λρχὴ
379 756 432 825 τῆς
454 756 513 807 τῶν
532 750 720 827 Χριστιανῶν
738 744 887 823 βασιλείας
908 742 959 805 καί
976 741 1044 824 περὶ
1061 746 1149 803 Κων·

112 836 285 897 εστανιίνοο
308 844 361 897 τοῦ
384 836 521 917 μεγάλου.
562 836 694 911 Imperia
716 854 812 911 usque
835 835 874 895 ad
896 834 1027 893 Leonem
1043 833 1146 891 Arme·

113 947 199 985 ‘num
218 926 446 1003 distinguuntur
463 928 594 985 numeris
613 923 632 983 α
650 943 745 999 usque
765 924 804 983 ad
825 921 870 1001 lq.
907 924 1024 982 Ultima
1038 922 1148 982 codicis

123 1014 219 1075 verba
251 1015 340 1075 sicuti
371 1018 404 1075 in
435 1015 521 1074 libris
543 1013 573 1073 A
601 1018 632 1073 et
661 1013 696 1072 0.
712 1015 848 1089 sequitur
876 1014 982 1071 mundi
1013 1015 1149 1071 aetatum

124 1106 311 1181 conspectus.
356 1105 393 1163 ln
425 1104 609 1182 marginibus
639 1103 709 1161 inde
741 1122 760 1160 a
787 1102 971 1161 Judaeorum
1000 1100 1149 1160 iudicibus

125 1188 171 1273 (p.
194 1195 267 1267 145,
287 1186 344 1274 20)
367 1212 526 1271 regnorum
549 1192 683 1251 iudicum
704 1211 810 1269 regum
835 1193 1051 1266 imperatorum
1073 1187 1149 1268 ἀρχὴ

124 1284 303 1359 plerumque
325 1282 488 1357 indicatur,
516 1302 577 1341 non
600 1300 729 1357 semper,
756 1299 873 1356 semper
899 1281 959 1339 loci
981 1279 1088 1354 quibus
1112 1279 1149 1336 de

126 1372 251 1448 synodis
274 1372 471 1431 oecumenicis
495 1373 595 1449 agitur
617 1373 770 1429 notantur.
816 1369 938 1429 Praeter
964 1370 1038 1427 haec
1060 1388 1150 1445 argu·

126 1462 262 1521 mentum
288 1464 388 1519 textus
415 1460 448 1519 in
475 1462 610 1538 margine
639 1479 709 1519 raro
739 1459 943 1519 adumbratur.
988 1458 1077 1517 Liber
1104 1460 1151 1515 est

126 1550 357 1627 diligentissime
380 1550 519 1625 scriptus,
542 1568 561 1607 a
583 1550 674 1608 solita
692 1548 909 1627 orthographia
926 1550 1033 1608 ceteris
1051 1548 1149 1605 minus

127 1638 277 1712 abhorret,
300 1639 448 1715 ligaturas
472 1641 503 1697 et
525 1638 702 1714 compendia
723 1642 843 1715 praeter
864 1637 1063 1697 usitatissima
1081 1654 1150 1696 raro

119 1731 160 1787 et
185 1729 362 1804 plerumque
388 1730 422 1787 in
448 1727 507 1787 fine
534 1746 675 1787 versuum
697 1729 839 1787 continet.
886 1726 1022 1787 Secunda
1043 1743 1150 1785 manus

126 1834 226 1893 pauca
248 1817 357 1876 menda
379 1816 503 1876 sustulit
525 1835 620 1893 eaque
640 1817 723 1875 levia
749 1819 780 1877 et
801 1818 978 1889 manifesta;
1005 1814 1151 1874 nonnulla

119 1910 239 1965 temere
263 1906 299 1965 de
317 1908 489 1966 coniectura
511 1909 629 1965 mutata
648 1909 727 1980 sunt,
751 1905 869 1965 collatis
887 1905 1063 1981 plerumque
1081 1904 1151 1962 aliis

122 1998 181 2070 qui
213 2013 307 2072 prope
334 1993 460 2054 aberant
493 1995 624 2055 chronici
656 1996 738 2053 locis.
784 1994 889 2053 Veluti
910 2015 939 2070 p.
960 1989 1034 2068 562,
1056 1995 1095 2051 12
1121 1996 1151 2052 et

129 2086 205 2158 562,
226 2086 266 2143 19
286 2082 430 2161 Μάξιμος
449 2086 593 2160 scriptum
612 2087 658 2143 est
675 2103 731 2159 pro
746 2084 930 2161 Μαξιμῐνος,
952 2083 1006 2141 ubi
1024 2082 1150 2141 eundem

126 2174 291 2231 Maximum
320 2174 454 2233 invenire
478 2173 536 2232 sibi
562 2173 723 2233 videbatur
749 2175 897 2232 corrector
920 2172 973 2248 qui
988 2193 1024 2247 p.
1040 2172 1150 2245 564,3

127 2248 386 2323 commemoratu'r.
424 2261 457 2323 P.
474 2263 547 2336 568,
564 2264 604 2321 17
624 2261 804 2321 vocabulum
822 2258 1020 2339 οομβασιλεὺς
1043 2280 1058 2319 ο
1077 2260 1151 2321 locis

126 2371 156 2427 p.
169 2352 243 2425 567,
254 2353 294 2409 27
311 2353 341 2410 et
356 2353 430 2425 570,
442 2353 460 2409 3
475 2350 507 2410 in
521 2350 747 2429 σομβασιλεύαν
760 2353 912 2410 mutatum
927 2353 985 2425 est3
1003 2370 1032 2427 p.
1044 2352 1150 2424 caat

126 2459 183 2517 pro
202 2447 255 2499 τοῦ
277 2436 390 2517 ἀνέμου
408 2442 507 2500 nescio
527 2459 588 2516 qua
606 2439 641 2499 de
661 2458 752 2500 causa
770 2440 925 2499 exhibetur
942 2446 996 2500 τοῦ
1009 2436 1149 2517 πολέμου.

128 2529 200 2589 Solo
218 2530 284 2587 loeo
307 2550 335 2606 p.
357 2530 431 2603 668,
450 2531 480 2604 8,
503 2530 556 2589 uhi
573 2529 666 2589 verba
682 2527 818 2609 γαμβρὸν
835 2527 999 2607 ποιήσειας,
1023 2532 1151 2605 quaein

125 2621 212 2677 textu
241 2618 424 2692 exciderant,
451 2619 588 2694 paullum
614 2621 733 2677 mutata
760 2618 792 2676 in
818 2620 954 2696 margine
984 2618 1154 2679 substituta

126 2712 207 2782 sunt,
226 2708 321 2767 alium
338 2707 450 2767 librum
469 2706 638 2767 adhibuisse
657 2710 805 2767 corrector
823 2707 943 2767 videtur
960 2709 1009 2767 vel
1028 2706 1150 2785 Georgii

126 2798 175 2855 vel
198 2797 398 2872 reliquorum,
425 2799 457 2855 in
481 2796 589 2873 quibus
613 2796 716 2855 eadem
738 2793 913 2872 narrantur}
936 2798 1156 2857 chronicorum..

196 2885 225 2944 A
245 2889 275 2945 et
296 2886 321 2945 0
337 2887 389 2944 ubi
407 2886 577 2963 discrepant
593 2886 618 2946 0
635 2889 666 2944 et
680 2887 713 2945 D
731 2889 928 2947 consentiunt.
964 2886 1043 2947 Huic
1057 2887 1156 2945 etiam.

127 2976 213 3035 deest
230 2975 263 3033 in
278 2974 395 3036 Phocae
413 2977 539 3052 imperio
558 2978 644 3035 cento
663 2994 698 3034 ex
716 2975 833 3035 Isidoro
852 2976 1039 3052 compilatus,
1057 2979 1154 3050 atque

127 3065 233 3123 eodem
252 3064 355 3123 ordine
373 3084 420 3123 res
443 3068 543 3143 gestae
562 3064 718 3123 Michaelis
736 3064 783 3122 ΠΙ
800 3068 963 3125 narrantur
985 3084 1045 3140 quo
1062 3066 1095 3123 in
1116 3064 1151 3124 0.

123 3153 237 3213 1Paucis
254 3155 373 3212 tantum
395 3154 469 3213 locis
493 3154 530 3211 ab
548 3152 578 3211 A
598 3155 628 3214 et
647 3153 672 3212 0
689 3154 840 3229 discrepat
855 3155 888 3213 D
908 3158 973 3214 tum
996 3154 1064 3213 aliis
1082 3156 1148 3213 tum

126 3263 156 3319 p.
179 3244 254 3319 718,
274 3244 381 3317 θιοο,
409 3242 462 3301 ubi
484 3242 520 3301 de
543 3242 787 3302 Paulicianorum
809 3247 891 3302 secta
912 3243 945 3301 in
967 3244 999 3301 D
1021 3242 1148 3319 plenius

127 3331 248 3391 brevius
271 3332 304 3389 in
328 3331 356 3388 A
381 3335 411 3389 et
436 3330 461 3390 0
482 3332 649 3407 exponitur.
691 3330 773 3400 Quae
795 3334 827 3390 in
850 3332 914 3390 solo
936 3332 969 3390 D
991 3332 1147 3392 inveniun-

127 3424 179 3479 tur
200 3422 388 3479 narrationes
407 3438 456 3479 eas
479 3423 511 3479 in
531 3420 645 3479 duabus
669 3420 967 3480 commentationibus
988 3422 1024 3480 B.
1043 3423 1073 3479 Z.
1085 3422 1148 3479 Vll

121 3502 257 3591 (1898),
275 3530 304 3586 p.
320 3512 363 3569 40
373 3528 436 3585 sqq.
452 3510 522 3568 etX
537 3501 665 3591 (1901),
682 3531 711 3585 p.
727 3512 770 3569 80
781 3512 1013 3586 repraesentavi
1045 3511 1147 3567 Prima

125 3599 183 3657 illa
206 3598 455 3660 commentatione
473 3599 691 3659 demonstrasse
708 3598 783 3658 mihi
801 3598 904 3657 aideor
926 3598 1091 3656 breviorem
1110 3596 1146 3654 de
