2617 3909
180 232 221 296 16
487 232 673 285 ΓΕΩΡΙῚΟΥ
690 232 873 284 ΜΟΝΑΧΟΤ

147 369 152 382 ’
178 383 271 443 πτίοιν
302 383 429 461 βασιλεῖς
462 379 573 462 Φαραὼ
605 379 901 462 προσηγορεύθησαν.
946 379 979 442 έν
1006 379 1038 442 δέ
1065 403 1097 462 γε
1128 385 1190 454 τοῖς

178 478 402 562 προειρημένοις
423 487 477 539 τοῦ
497 478 605 556 Πήκον
624 478 697 551 Διὸς
719 477 836 559 χρόνοις
858 475 1055 555 άναφαίνεταί
1075 500 1118 552 τις
1141 477 1190 539 ἐπὶ

178 577 214 639 τὰ
237 576 341 638 δυτικά
364 574 437 657 μέρη
460 575 492 637 ἐκ
514 581 614 655 φυλῆς
632 570 737 654 Ἰάφεθ
764 574 797 636 έν
819 584 854 659 τῆ
877 575 956 659 χάριγ
977 584 1036 636 τῶν
1051 569 1190 658 Ἀργείων

179 673 310 753 τούνομα
326 673 455 754 Ἴναχος,
483 671 516 747 ὃς
538 673 589 734 καὶ
610 683 726 754 πρῶτος
752 673 785 736 έν
807 672 905 757 ἐκείνη
928 681 963 758 τῆ
986 674 1065 758 χάρη
1091 672 1190 754 έβασί-

153 779 291 853 σλενσεν,
314 771 347 833 έν
367 760 387 856 ή
410 771 460 832 καί
482 773 569 836 πόλιν
591 772 634 846 εἰς
657 770 751 851 ὄνομα
773 780 825 850 τῆς
843 770 979 851 Σελήνης
1001 773 1101 845 κτίσας
1122 771 1190 833 ἐκά-

178 877 260 932 λεσεν
292 870 386 949 αύτήν
410 865 543 932 Ἰόπολιν.
589 870 692 950 Λιβύη
725 867 757 930 δέ
787 865 806 948 ή
833 868 969 950 θυγάτηρ
1001 878 1053 931 τοῦ
1081 869 1190 948 Πήκον
1303 931 1304 948 ρ

180 967 252 1041 Διὸς
274 968 465 1046 σνναφθεῖσά
488 992 546 1029 τινι
574 965 697 1047 ὀνόματι
719 968 888 1028 Ποσειδῶνι
915 966 990 1028 έτεκε
1018 967 1069 1029 τὸν
1090 970 1190 1047 Βῆλον

178 1064 229 1126 καί
251 1064 303 1126 τὸν
318 1061 471 1147 Ἀγήνορα.
511 1064 562 1126 καί
584 1063 601 1127 6
624 1063 678 1144 μέν
696 1069 793 1143 Βῆλος
815 1062 955 1125 ἀπελθὼν
977 1065 1019 1138 είς
1037 1065 1191 1146 Αἴγυπτον

179 1161 229 1224 καί
256 1163 356 1244 λαβὼν
382 1169 509 1244 γυναῖκα
536 1160 658 1243 ὀνόματι
681 1164 759 1224 Σίύα
786 1161 836 1222 καὶ
862 1163 1007 1243 γεννήσας
1033 1164 1101 1226 υἱὸν
1123 1161 1192 1238 ἒκά-Ι
1304 1218 1305 1241 ρ

141 1284 167 1323 ιο
180 1267 261 1323 λεσεν
283 1260 375 1323 αὐτὸν
398 1262 566 1343 Αἴγυπτον,
593 1261 622 1336 ἐξ
646 1254 683 1322 οὗ
710 1256 801 1339 καλή
826 1261 977 1341 Αύγνπτος
998 1261 1053 1340 τήν
1076 1260 1191 1323 έποινν-
1304 1247 1305 1284 ³

181 1361 252 1438 μίαν
278 1360 414 1439 εἴληφεν,
441 1356 475 1432 ὃς
502 1357 552 1419 καλ
574 1359 607 1421 έν
629 1358 705 1443 αὐτῆ
728 1358 921 1438 ἐβασίλευσεν.
968 1355 983 1418 6
1007 1356 1038 1419 δὲ
1058 1354 1191 1441 Ἀγήνιορ

180 1455 228 1518 έπὶ
245 1457 300 1535 τήν
321 1457 467 1535 Φοινίκην
490 1455 588 1518 ἐλθὼν
610 1456 661 1517 καὶ
683 1461 810 1538 γυναῖκα
832 1454 932 1536 λαβὼν
954 1454 1084 1535 τούνομα
1105 1457 1191 1538 Τύριο

180 1552 230 1614 καί
252 1554 352 1626 κτίσας
374 1553 460 1615 πόλιν
483 1554 526 1627 είς
549 1552 644 1633 ὄνομα
665 1553 772 1633 οιύτῆς,
797 1554 840 1627 εἰς
862 1550 901 1632 ήν
923 1553 973 1614 καλ
995 1553 1192 1635 ἐβασίλευσεν,
1305 1603 1306 1612 ,

181 1650 317 1733 ἐγέννησε
344 1649 376 1713 δὲ
403 1651 489 1725 νίοὺς
515 1657 591 1733 τρεῖς
617 1650 668 1712 καὶ
695 1650 844 1734 θυγατέρα
872 1653 956 1731 μίαν,
984 1651 1035 1713 τὸν
1065 1653 1192 1715 Φοίνικα

142 1771 167 1812 ιο
181 1747 231 1810 καί
248 1747 300 1809 τὸν
318 1749 421 1831 Σύρον
438 1748 488 1809 καὶ
506 1749 557 1811 τὸν
574 1750 683 1810 Κίλικα
700 1748 751 1810 καὶ
768 1750 822 1829 τήν
840 1749 1004 1831 Επλρύπην,
1021 1746 1060 1828 ήν
1078 1753 1192 1831 Ταῦρος

182 1843 197 1906 6
215 1845 336 1928 Κρήτης
358 1846 495 1926 βασιλεύς
517 1847 705 1929 ὃορνάλωτον
727 1846 855 1926 εἰληφὼς
877 1845 1019 1929 καὶπρὸς
1037 1848 1092 1927 τὴν
1113 1845 1192 1932 Θρά-

180 1967 239 2022 κην
265 1945 320 2024 τήν
348 1944 428 2005 ίὸίαν
454 1945 552 2025 χώραν
580 1942 741 2027 ἀπαγαγὼν
768 1943 921 2027 παρθένον
948 1938 1042 2007 ούσαν
1069 1944 1118 2006 καλ
1143 1945 1192 2008 εύ-.
1306 1950 1307 1954 ’

180 2051 278 2124 πρεπῆ
297 2041 359 2122 ἔσχε
376 2049 513 2124 γυναῖκα,
531 2044 769 2125 προσαγορεύσας
786 2041 883 2104 έκεῑνα
901 2041 1023 2124 τὰμέρη
1041 2043 1083 2116 είς
1097 2041 1193 2123 ὄνομα

181 2139 274 2220 αύτῆς
291 2139 444 2222 Εύράπια.
484 2139 595 2220 μέλλων
614 2138 646 2201 δὲ
663 2146 797 2202 τελευτᾶν
813 2135 946 2222 Ἀγήνωρ
965 2141 1112 2214 διετάξατο
1135 2152 1193 2202 πᾶ-

61 2263 86 2302 ιτ
99 2262 129 2302 τι
144 2261 170 2301 το
184 2255 239 2299 σαν
267 2235 306 2316 ἣν
333 2235 455 2310 ὑπέταξε
482 2247 539 2320 γῆν
567 2239 744 2319 μερίσασθαι
773 2237 843 2310 τοὺς
872 2243 948 2320 τρεῖς
974 2238 1059 2312 νίούς
1091 2237 1192 2300 αύτού.

183 2335 233 2396 καί
256 2335 272 2397 6
292 2332 345 2413 μὲν
365 2321 470 2408 Φοίνιξ
493 2334 593 2417 λαβὼν
615 2336 671 2416 τήν
692 2335 788 2418 Τύρον
810 2335 860 2396 καλ
883 2335 937 2415 τήν
959 2334 1052 2415 αὐτῆς
1074 2335 1193 2418 ένορίαν

181 2432 315 2494 ἐκάλεσεν
347 2432 441 2513 αύτήν
475 2434 635 2513 Φοινίκην,
668 2429 684 2494 6
717 2431 748 2495 δὲ
780 2434 880 2515 Σύρος
911 2434 966 2513 τήν
997 2433 1193 2514 έπιλαχοῦσαν

182 2530 260 2615 αύτῷ
279 2531 377 2612 χώραν
400 2527 533 2609 ὠνόμασε
556 2532 683 2613 Συρίαν,
706 2525 769 2610 άφ”
784 2524 820 2592 ού
844 2532 939 2613 Σύροι
962 2531 1193 2611 μετωνομάσθη-

254 2760 341 2823 6-γι.
359 2759 400 2823 17,
415 2762 432 2809 4
449 2754 516 2809 Mal.
535 2771 561 2824 p.
577 2760 619 2824 30,
634 2760 715 2826 4εςη.
743 2755 778 2822 cf.
798 2754 913 2810 Cedren.
927 2756 941 2809 Ι
954 2773 985 2825 ρ.
1001 2760 1043 2824 38,
1058 2761 1138 2826 θεςς.

255 2937 269 2985 1
292 2940 394 3002 φαραῶ
412 2931 546 2988 AOFHL.
565 2953 650 3002 -γε
669 2949 719 2989 om.
738 2932 840 2988 OFLR.
861 2964 895 2973 —
915 2939 930 2988 6
950 2931 1064 2988 ίάιπολιν
1083 2932 1139 2988 CF.
1159 2963 1193 2973 -

184 3011 200 3059 8
218 3004 338 3073 ἀγίνορα
357 3001 405 3057 CF
418 3004 549 3074 ἀγήνορα
568 3002 621 3057 BR
642 3005 767 3074 άγίνοιρα
785 3005 814 3058 L.
835 3036 868 3044 -
888 3010 903 3058 9
924 3001 1006 3059 σίθαν
1026 3003 1111 3058 GHR
1129 3011 1154 3059 τί
1171 3003 1193 3057 L

183 3094 217 3132 m.
236 3079 256 3165 β
278 3075 346 3131 etv
368 3075 454 3166 ετάΙν
473 3082 569 3145 postea
590 3092 624 3128 m.
644 3080 668 3166 11
680 3076 730 3131 del.
755 3107 788 3115 —
818 3082 850 3128 12
873 3075 998 3146 τύρωιΡ
1020 3084 1093 3146 τορῶ
1112 3073 1195 3129 GNV

183 3143 1194 3287 3303056403056550Pp>²0⁶3v7¹⁰⁰6³1>302662233²2262936201

183 3290 301 3345 νιολοιύε.
324 3321 360 3330 -
382 3295 415 3343 21
434 3290 530 3378 γοῑνιξ
548 3288 596 3342 LR
614 3296 639 3344 et
656 3289 695 3358 D,
718 3290 765 3344 ετιλ
781 3295 907 3345 aecem&
923 3307 958 3344 m.
977 3290 1138 3345 correctoris.
1159 3320 1193 3328 -

185 3365 219 3414 23
238 3361 375 3432 ὠνόμασε]
394 3355 506 3416 ἐκάλεσε
524 3360 579 3416 LR.

203 3605 215 3662 ε
235 3607 241 3628 ι
257 3542 302 3661 11P
313 3538 428 3607 είληφεν
447 3537 478 3593 ἐν
496 3539 567 3609 αύτῆ
586 3537 750 3610 βασιλεύσας
768 3538 798 3592 Ρ.
816 3569 849 3580 -
870 3543 903 3592 13
922 3536 1087 3611 βασιλεύσας
1104 3531 1193 3607 έγένν.

184 3628 202 3661 ν
214 3626 263 3669 ονς
304 3646 310 3660 .
