2617 3909
167 211 233 276 118
482 213 669 266 rmffloT
687 205 869 267 ΜΟΝΔΧΟὙ

166 359 240 442 χειρί
271 366 396 446 κραταιᾷ
426 359 476 422 καί
508 359 541 422 ἒν
571 362 707 444 βραχίονι
739 359 859 447 ὑψηλῷ,
891 361 995 434 καθώς
1025 379 1103 441 φησι
1131 361 1183 424 καί

82 472 109 511 84
122 471 154 512 E
168 459 278 520 Δαυίδ·
302 465 342 543 τῷ
364 459 564 521 καταδιελύντι
591 460 646 539 την
674 457 807 541 ἐρυθρὰν
829 459 985 520 θάλασσαν
1007 459 1050 533 είς
1073 459 1184 542 διαιρί·

165 575 228 630 σεις
249 555 299 617 καί
319 556 490 638 διαγαγόντι
507 558 560 620 τὸν
574 551 691 638 Ἰσραὴλ
709 555 759 617 διὰ
777 555 868 636 μέσου
887 556 979 637 αὐτῆς
997 555 1048 618 καί
1066 556 1181 619 ἐκτινά-

167 657 249 730 ξαντι
272 653 384 736 Φαραὼ
401 652 452 716 καί
469 653 525 733 τὴν
543 656 673 733 δύναμιν
691 654 784 716 αὐτοῦ
803 654 844 728 είς
862 655 1018 716 θάλασσαν
1037 654 1181 738 ἐρυθράν.
1300 707 1301 728 ,

127 772 153 813 -σ
168 751 204 814 ού
227 750 281 834 γάρ
306 753 358 831 μία
380 751 500 834 γέγονεν
523 749 607 833 ὁδός,
629 751 733 826 καθὼς
755 753 967 833 Χρυσύσιομος
990 750 1006 813 ὁ
1029 753 1182 831 θεύσοφσς

82 893 96 922 .·
166 848 255 931 λέγει,
286 847 359 910 άλλά
390 844 463 911 καθ’
494 849 618 930 ἑκάστην
650 851 752 930 φυλὴν
782 851 814 914 τὸ
841 852 922 930 ύύωρ
950 849 1112 932 ἐτειχίζετο,
1140 850 1181 926 ὡς

115 990 118 996 ,
165 946 275 1021 πολλάς
302 946 441 1029 γενέσθαι
469 947 521 1021 τὰς
548 949 699 1030 διαβάσεις
721 958 774 1010 τοῦ
797 953 885 1029 λαοῦ,
913 949 963 1010 ἴνα
990 948 1031 1028 μη
1060 950 1180 1028 φύσεως

166 1045 253 1128 ἔργον
275 1054 362 1108 τούτο
381 1052 525 1131 νομεσθῇ,
548 1045 622 1107 ἀλλὰ
639 1051 715 1108 θεοῦ
735 1055 788 1108 τοῦ
806 1057 905 1108 πᾶσαν
924 1046 1018 1126 φύσιν
1036 1047 1182 1129 δημιουρ-

165 1143 312 1225 γήσαντος
343 1143 394 1205 καί
425 1145 629 1226 κυριεύοντος,
661 1144 734 1206 ὅθεν
761 1143 794 1205 ἐν
821 1145 941 1230 βραχείᾳ
968 1154 1074 1226 καιροῦ
1101 1145 1181 1231 ῥοπῇ

124 1261 153 1303 ιο
167 1240 307 1303 τάναντία
329 1241 482 1325 είργάζετο.
514 1240 565 1303 καλ
587 1241 628 1303 ού.
642 1237 716 1302 καθ’
736 1243 774 1303 ἓν
791 1240 923 1322 ἐτέμνετο
942 1241 1029 1325 μέρος
1047 1242 1079 1305 τὸ
1098 1243 1181 1326 ύδωρ

167 1338 405 1422 κορυφουμένου
427 1349 486 1401 τῶν
508 1338 636 1420 ὑδάτων,
659 1338 731 1400 άλλά
753 1339 827 1400 κατά
844 1338 977 1422 άρνθμὸν
996 1349 1056 1402 τῶν
1074 1345 1181 1419 φυλῶν
1301 1385 1302 1406 τ

164 1435 314 1500 ἁπάντων.
358 1431 432 1498 καθ’
464 1435 586 1500 ἕκαστον
612 1437 669 1519 γὰρ
696 1447 755 1499 τῶν
782 1439 912 1518 σημείων
943 1447 1029 1500 τούτο
1058 1439 1183 1518 μάλιστα
1301 1451 1302 1514 3

165 1527 206 1614 ἦν
228 1540 267 1619 τῷ
286 1539 350 1618 θεῷ
366 1536 631 1615 περισπούδαστον,
653 1534 716 1596 ἐπεὶ
735 1533 785 1596 διά
802 1545 862 1596 τῶν
880 1536 1030 1616 στοιχείων
1047 1535 1083 1596 τά
1101 1538 1181 1598 θαύ-

166 1655 243 1710 ματα
264 1630 408 1712 ἐγίνοντο,
431 1631 512 1704 ὅπως
534 1631 576 1711 μη
602 1642 733 1712 φυσικῆς
754 1655 835 1706 τινος
858 1631 1040 1707 ἀκολουθίας
1063 1630 1083 1713 ἣ
1106 1651 1180 1696 συν-

125 1750 152 1798 ισ
166 1729 267 1810 τυχίας
288 1723 365 1790 εἶναι
382 1728 418 1790 τά
435 1729 577 1810 γινόμενοι
594 1731 764 1810 νομισθείη,
782 1728 855 1791 άλλύι
873 1740 927 1810 τῆς
944 1728 1065 1794 άνωθεν
1083 1732 1181 1814 ῥοπῆς

165 1826 201 1887 τά
232 1827 434 1906 συμβαίνοντα
465 1827 762 1909 παραδοξοποιούσης
794 1827 844 1888 διὰ
872 1827 1009 1902 Μωσέως
1039 1828 1081 1901 εἰς
1108 1829 1180 1904 τούς

165 1923 252 1998 υίούς
271 1917 396 2006 Ἰσραήλ
441 1925 551 2007 ούσπερ
574 1924 624 1987 καί
647 1924 797 2008 ὀδηγησας
820 1925 853 1988 ἐν
875 1935 910 2011 τῇ
935 1926 1034 2012 ἐρήμην
1057 1925 1090 1989 ἐν
1110 1928 1181 1990 στύ·

165 2027 207 2107 λφ
230 2022 325 2105 πυρὸς
346 2021 397 2084 καλ
423 2021 550 2102 νεφέλης
575 2021 627 2084 καλ
653 2021 731 2108 άρτφ
760 2021 929 2105 διαθρύψας
956 2023 1086 2111 ούρανίιμ
1109 2025 1181 2098 τούς

166 2119 293 2203 ἐχθρούς
321 2119 420 2182 αὐτῶν
440 2115 634 2201 Ἀμαληκίτας
661 2130 766 2204 χειρῶν
794 2120 905 2184 ἐκτάσει
932 2123 1180 2204 κατετροπύσατο.
1302 2157 1303 2198 3

119 2241 153 2282 ,ιο
167 2212 255 2291 οὗτος
276 2215 387 2297 ἤκουσε
409 2218 489 2299 παρὰ
510 2221 618 2301 κυρίου
640 2217 787 2302 λέγοντος·
812 2219 878 2281 ι’άού
902 2218 958 2302 ἐγὼ
978 2221 1180 2302 παραγίνομαι
1302 2223 1303 2226 ’

165 2316 239 2397 πρύς
261 2333 294 2378 σε
316 2315 349 2378 ἐν
372 2317 466 2400 στύλιμ
491 2316 586 2398 πυρὸς
611 2316 663 2378 καί
689 2316 831 2397 νεφέλης,
858 2318 909 2378 ἵνα
931 2315 1045 2402 άκούση
1069 2315 1085 2378 ὁ
1108 2318 1179 2392 λαὸς
1302 2317 1303 2322 ¹

165 2412 324 2487 λαλοῦντός
347 2437 405 2493 μου
427 2414 502 2496 πρός
524 2431 570 2495 σε,
593 2414 643 2476 καλ
666 2415 844 2476 πιστεύσωσί
864 2432 912 2476 σοι
935 2415 976 2488 εἰς
998 2415 1051 2476 τὸν
1073 2416 1179 2478 αἰῶνα.

164 2509 216 2571 καλ
238 2519 274 2595 τῇ
301 2512 383 2595 τρίτη
411 2507 519 2596 ἡμέρᾳ,
547 2513 657 2591 φησίν,
684 2511 815 2593 ἐγίνοντο
838 2511 938 2589 φωναί
959 2511 1010 2574 καί
1032 2511 1180 2596 ἀστραπαί

164 2605 214 2668 καλ
237 2606 346 2687 νεφέλη
369 2609 529 2689 γνοφώδης
551 2601 598 2670 ἐπ’
619 2607 710 2692 ὅρους
727 2614 815 2689 Σινά,
838 2608 889 2671 καλ
911 2611 999 2690 φωνὴ
1019 2611 1179 2693 σάλπιγγος

234 2811 250 2859 2
268 2806 543 2876 Psalm.135(1sss)‚
563 2813 596 2861 13
606 2825 661 2876 sqq.
681 2838 715 2848 -
735 2811 821 2860 ι-ιτ
842 2805 937 2876 chrys.
957 2807 988 2860 in
1006 2808 1178 2863 Psalm135

163 2894 206 2946 cp.
222 2884 238 2931 2
257 2877 353 2948 Migne
367 2877 444 2933 Tom.
460 2883 503 2945 65,
513 2883 574 2932 402.
589 2910 625 2919 —
643 2884 678 2932 20
692 2879 741 2932 Ex.
759 2884 801 2946 19,
812 2884 836 2932 9.
852 2910 885 2918 -
906 2885 939 2932 23
954 2877 1002 2934 Ex.
1021 2885 1062 2948 19,
1078 2886 1110 2934 16
1120 2897 1177 2950 sqq.

236 3062 250 3109 1
271 3057 341 3125 φησὶ
354 3057 411 3109 ὃαὸ
423 3055 451 3108 N
470 3056 556 3124 φησὶν
571 3055 585 3108 ὁ
600 3057 657 3111 ὃᾶά
670 3054 700 3109 Ρ.
716 3088 749 3096 -
769 3063 785 3111 5
805 3055 977 3125 ὁθεύσοφος
990 3054 1178 3127 χρυσύστομος

163 3126 308 3253 {QZ
322 3132 344 3251 λ
356 3125 1047 3267 λλξί,λλλύύὶλλλλκῑύὲλλλιτ’,
1058 3125 1177 3264 λίὲἑὶῗ

161 3270 298 3339 ποιούσης
319 3272 378 3339 (om.
393 3271 481 3338 παρα)
496 3267 531 3321 N.
551 3300 584 3308 -
604 3269 734 3339 μωύσέως
751 3271 808 3325 BF.
829 3302 863 3311 —
885 3275 916 3324 19
936 3268 1061 3324 ἐκστάσει
1081 3268 1176 3324 ΟΗΜ.

163 3372 197 3381 -
221 3346 254 3393 23
275 3339 402 3410 ἐγένοντο
420 3338 500 3393 FGN
509 3339 557 3395 Ex.
577 3372 612 3380 -
631 3347 666 3394 24
685 3341 750 3397 σινά
767 3341 879 3396 AOHL.

236 3522 249 3568 1
275 3515 305 3570 ἐν
327 3533 377 3571 om.
396 3515 426 3569 P.
455 3547 489 3557 -
517 3523 534 3570 4
557 3517 598 3580 είς
615 3517 668 3587 τὴν
685 3519 833 3573 θάλασσαν
854 3522 914 3588 (om.
935 3517 1072 3589 ἐρυθράν)
1090 3517 1121 3572 P.
1142 3551 1176 3560 -

163 3585 267 3647 ύύδὸς
285 3586 339 3655 ἔφη
357 3603 433 3656 χρυσ.
453 3585 469 3641 ὁ
487 3586 566 3642 θεύσ.
587 3589 656 3643 ἀλλὰ
674 3590 704 3643 Ρ.
724 3623 757 3630 -
779 3596 793 3643 7
812 3598 862 3644 τού
881 3592 950 3644 λαού
968 3605 1020 3643 ουτ.
1036 3588 1132 3644 Pchr.
