2617 3909
174 232 225 282 XX
582 228 785 279 PRAEFATIO

175 379 336 437 chronicon
357 380 540 452 inseruisse„
557 378 657 435 locum
679 377 766 436 illum
793 376 916 435 libri‘A
946 379 1110 455 genuinum
1132 398 1205 439 esse·

174 467 337 527 verisimile
364 469 417 526 est.
463 465 589 526 Accedit
619 466 701 542 quod
731 465 812 524 idem
837 464 922 525 locus
947 485 1006 526 non
1037 467 1136 525 solum
1164 470 1208 526 in:

175 557 276 617 codice
298 556 435 616 Parisino
460 557 545 615 1705
574 555 651 613 libro
675 553 705 612 A
728 555 814 615 affini
836 557 947 629 exstat,
977 560 1198 615 verumetiam

174 649 208 705 in
232 645 415 705 (icisiiniano
435 646 498 704 305
519 644 603 704 cuius
622 646 719 703 estin
735 645 784 703 his
804 644 902 717 rebus,
925 647 960 703 ut
976 646 1057 704 infra
1074 644 1198 705 demon·

175 736 291 810 strabo,
320 750 436 794 summa
464 734 637 793 auctoritas.
671 734 799 792 Deinde
827 734 860 791 in
886 733 971 793 libris
994 733 1025 791 A
1047 737 1078 792 et
1102 734 1129 794 0
1149 755 1198 795 res

176 828 278 902 gestae
297 824 452 883 Michaelis
469 822 526 897 ΙΙΙ,
544 842 573 899 p.
589 825 663 897 801,
679 824 698 881 5
714 840 787 898 sqq.‚
805 842 866 882 non
884 823 988 883 eodem
1005 823 1110 882 ordine
1127 842 1205 882 nar.

176 915 291 973 rantur.
332 912 369 970 In
391 912 469 972 libro
492 915 594 972 autem
613 910 643 969 A
666 915 827 988 postquam
845 930 992 971 annorum
1013 912 1133 990 imperii
1151 915 1198 971 in·

176 1002 293 1061 dicatus
321 1005 367 1061 est
394 1020 547 1076 numerus,
575 1003 706 1078 primum
732 1000 857 1059 classem
881 1001 1098 1062 Saracenorum
1128 1021 1199 1061 cum

176 1092 358 1167 Byzantium
387 1090 624 1168 proficisceretur
645 1093 825 1167 tempestate
855 1108 918 1149 esse
933 1090 1071 1151 :deletam
1093 1110 1198 1150 narra-

176 1185 240 1254 tur,
268 1180 373 1240 deinde
400 1180 567 1259 imaginum
597 1181 697 1240 cultus
727 1180 877 1256 quomodo
904 1180 1063 1239 restitutas
1084 1183 1126 1241 sit
1148 1183 1198 1239 ex'-

176 1271 313 1347 ponitur,
335 1271 367 1328 in
390 1269 489 1329 codice
515 1270 608 1329 Ores
632 1270 728 1329 altera
753 1288 820 1328 cum
843 1270 939 1328 altera
961 1272 1199 1329 commiscentur.

177 1358 212 1417 In
237 1378 297 1435 quc
320 1362 389 1417 uter
410 1358 488 1417 liber
509 1361 612 1418 'verum
636 1358 770 1418 ordinem
797 1360 962 1417 servaverit
988 1378 1048 1418 non
1070 1362 1200 1419 constat

178 1449 324 1523 Equidem
353 1445 483 1505 arbitror
513 1449 546 1505 in
575 1447 685 1506 codicis
717 1448 873 1523 archetypi
902 1448 1037 1527 margine
1064 1449 1202 1507 Arabum-

178 1537 277 1597 clades
300 1556 335 1596 eo
362 1536 487 1595 consilio
509 1536 600 1595 fuisse
623 1538 775 1610 narratas,
803 1537 1024 1611 utaliquando
1047 1538 1087 1595 ed
1107 1537 1200 1595 finem

178 1627 311 1685 chronici
339 1625 579 1702 adiungerentur.
625 1625 755 1684 Exstant
782 1629 860 1684 certe
888 1625 938 1685 ibi.
958 1628 991 1685 in
1018 1625 1104 1686 libris
1130 1629 1200 1701 qui-

177 1715 304 1775 busdam
327 1714 415 1773 valde
438 1716 617 1773 retractatis
660 1714 725 1783 Qua
743 1714 780 1774 de
801 1734 834 1773 re
857 1716 920 1774 alio
933 1717 1006 1775 ioco
1029 1716 1126 1774 fusius
1150 1735 1207 1774 err-1

177 1822 485 1954 ponalghorialensis
504 1886 534 1969 Ι,
555 1893 598 1964 Φ,
618 1882 718 1974 1(1)),
747 1912 835 1969 quem
858 1912 1014 1970 perperam
1029 1893 1200 1953 Muraltius

178 1982 272 2059 praef.
296 2003 325 2062 p.
348 1980 419 2040 XIX
446 1981 600 2056 „incendio
622 2001 651 2040 a.
676 1984 757 2041 1671
786 1987 995 2058 consumptum
1021 2002 1084 2041 esse
1108 1986 1200 2059 atque

179 2088 332 2149 superesse
350 2074 469 2129 tanturn
499 2070 670 2148 fragmenta
692 2091 708 2129 e
732 2070 883 2131 codicibus
909 2072 1037 2149 integris·
1062 2075 1200 2132 extracta

181 2160 285 2237 qualia
299 2159 457 2219 (tramerus
476 2159 587 2219 edidit“
605 2160 688 2235 dicit,
706 2160 949 2220 membranaceus
967 2165 1013 2220 est
1031 2162 1145 2221 saeculi
1156 2162 1202 2219 XI

182 2252 244 2309 187
270 2251 411 2309 foliorum
428 2251 522 2327 plane
544 2252 669 2327 integer.
710 2248 899 2309 Prooemium
918 2269 1037 2326 quoque
1056 2253 1200 2311 continet.

181 2339 315 2417 Paginae
332 2339 364 2397 in
382 2337 468 2398 binas
487 2338 639 2398 columnas
652 2339 777 2397 'divisae
795 2343 876 2399 sunt.
916 2341 996 2398 Ante
1014 2342 1201 2416 prooemium

180 2430 279 2504 prima
307 2430 404 2487 exstat
430 2430 587 2503 inscriptio
620 2432 795 2488 ornamento
822 2428 915 2487 variis
941 2429 1091 2488 coloribus
1117 2431 1201 2504 picto

180 2517 310 2575 inclusa:
342 2516 492 2597 Γεωργίου
522 2515 732 2594 οἰκοομενικοῦ
763 2516 943 2576 διδασκάλου
971 2516 1117 2598 πρόλογος
1144 2518 1204 2577 σὺν

175 2609 244 2688 ,θεῷ
263 2614 402 2685 χρονικοῖς
430 2606 573 2685 ἱστορίας,
603 2606 733 2665 secunda
761 2611 831 2667 ante
853 2609 959 2665 textas
985 2607 1106 2665 initium
1133 2610 1204 2684 ipsa

185 2713 305 2770 quoque
319 2699 494 2754 ornamento
513 2695 641 2755 inclusa:
664 2695 817 2775 Χρονικὸν
837 2695 985 2774 σύντομον
995 2694 1037 2755 ἐκ»
1045 2695 1202 2777 διαφόρων.

181 2782 396 2864 χρονογράφων
422 2805 452 2843 τε
479 2782 529 2843 καὶ
556 2782 706 2864 ἐξηγητῶν
733 2781 870 2863 ουλλεγὲν
897 2782 946 2843 aci
974 2782 1118 2845 συντεθὲν
1140 2784 1205 2846 ὑπὸ

182 2872 334 2954 Γεωργίοο
355 2881 512 2951 ’μονοχοῦ,
545 2873 637 2932 tertia
662 2894 692 2950 p.
712 2876 765 2946 43,
785 2877 824 2932 11
856 2867 943 2952 Ἀοχὴ
976 2883 1030 2933 τοῦ
1060 2884 1202 2954 χρονικοῦ

182 2959 331 3043 Γεωργίοο
363 2970 503 3041 μοναχοῦ.
554 2962 587 3024 Ρ.
608 2964 671 3022 166
706 2983 810 3042 regum
838 2962 1026 3023 dudaeornm
1054 2965 1202 3024 historiae

181 3053 305 3112 initium
317 3052 543 3128 inscriptionem
558 3052 733 3124 nonhabet
751 3053 801 3113 sed
815 3054 988 3128 praemissis
1006 3054 1094 3113 lineis
1107 3056 1202 3114 variis

182 3140 330 3200 coloribus
352 3142 442 3217 pictis
470 3142 610 3202 librarius
632 3160 743 3201 novam
755 3142 901 3201 ‘chronici
929 3145 1048 3218 partem
1070 3144 1202 3219 incipere

182 3228 372 3307 significavit,
396 3231 469 3290 item
487 3250 516 3307 p.
532 3234 606 3305 264,
622 3234 672 3291 17.
714 3231 787 3290 Post
801 3251 832 3307 p.
848 3232 981 3307 264,16
998 3232 1205 3309 subscriptum
1219 3279 1232 3303 .

184 3320 239 3379 esa
251 3315 332 3391 τέλος
354 3328 408 3397 τῆς
430 3328 489 3379 τῶν
506 3314 657 3399 Ἑβραίων
680 3320 849 3398 βοοῐιλείοιςςΙ
863 3322 1047 3380 novamhic
1061 3323 1203 3383 chronici

182 3410 301 3485 partem
318 3408 441 3469 initium
460 3428 564 3486 capere
582 3411 670 3468 lineis
687 3409 786 3469 rubris
803 3410 989 3485 interpositis
1007 3411 1205 3489 significaturi

183 3496 325 3573 Assyriae
337 3514 443 3577 regum
458 3518 533 3575 quae
552 3500 718 3573 sequuntur
730 3516 824 3575 regna
836 3517 939 3557 eorum
949 3501 1095 3575 cuiusque
1110 3500 1204 3560 initio
1287 3541 1288 3580 ,

185 3594 335 3647 numerus
350 3587 497 3647 ordinatis
524 3587 805 3663 adscriptus-est..
828 3586 863 3645 P.
880 3590 957 3662 271,
977 3588 1019 3647 28.
1034 3590 1204 3665 inscriptio
1287 3587 1288 3668 3
