2617 3909
164 223 283 275 mm
573 225 776 279 Psanssrlo

47 408 52 416 -
166 371 222 429 Est
249 370 341 434 codex
359 370 460 433 ,initio
482 373 616 432 mutilus.
662 368 782 433 Folium
807 375 822 431 1
852 373 962 450 incipit
987 375 1086 434 verbis
1105 392 1188 453 oop-

166 459 282 531 ιιοσίοις
305 456 425 531 ἕκαστος
447 458 479 519 τὸ
499 460 577 520 ἴδιον
595 461 699 540 βρῶμα
717 458 769 521 καὶ
790 459 871 539 πόμα
889 462 1019 540 κομίζων
1041 484 1069 541 p.
1086 466 1138 540 23,
1154 466 1193 540 53

167 548 229 607 sed.
246 568 314 609 oum
328 548 449 609 'folium
475 554 489 607 1
520 551 590 625 post
613 550 768 615 'foliumb
798 552 1039 627 postponendum
1070 555 1124 628 sit,
1155 574 1190 613 re

165 656 237 697 vera
259 637 336 697 liber
349 638 466 715 ‘incipit
483 638 582 697 verbis
599 636 650 699 aui
673 630 761 711 οὗτος
778 638 907 711 δυνατὸς
924 640 1005 701 πάνυ
1024 662 1053 717 p.
1070 647 1121 718 11,
1136 645 1188 703 21.

165 726 257 787 Initio
287 726 346 787 duo
373 726 454 789 folia¹
476 727 632 802 excidisse,
664 742 724 788 non
755 733 790 788 ut
820 730 951 790 infolio
976 735 1012 789 1'
1039 734 1191 808 narratur,

166 818 319 891 quattuor,
343 816 554 890 quaterionum
576 821 694 879 numeri
717 818 886 893 antiquitus
905 820 1050 896 adscripti
1072 821 1188 882 docent.

165 904 319 967 Praelatio
347 906 443 983 igitur
470 906 574 965 defuit.
620 907 686 965 Iam
716 908 931 969 intimasti
956 910 1083 986 imperio
1111 910 1191 969 liber

167 994 267 1053 deficit
298 994 396 1053 verbis
428 992 478 1055 aci
510 992 755 1075 ἀποκρύπτεσθαι
786 995 842 1074 τὴν
873 994 970 1076 ὁρμὴν
992 1020 1021 1074 p.
1042 1001 1191 1075 62θ,1·2.

166 1084 235 1142 Duo
259 1086 414 1159 praetcrea
434 1084 509 1145 folia
521 1085 643 1159 'desunt
667 1084 796 1145 altanum
813 1091 884 1162 post
901 1087 1010 1146 lolium
1031 1090 1104 1162 174,
1127 1109 1188 1165 quo

166 1173 248 1231 locus
280 1193 309 1249 p.
329 1175 408 1248 494,
433 1175 451 1232 9
480 1167 686 1256 tractatuum
718 1194 812 1250 nsque
845 1174 884 1235 ad
914 1196 943 1250 p.
963 1178 1043 1252 496,
1063 1179 1105 1235 24
1137 1176 1193 1237 καὶ

166 1261 289 1340 τούτων,
322 1263 463 1323 alterurn
482 1267 552 1339 post
578 1264 685 1323 lolium
713 1266 792 1340 213,
808 1283 884 1341 ·quo
912 1264 996 1331 locus
1023 1286 1052 1340 p.
1073 1268 1146 1344 599,
1168 1270 1187 1326 2

164 1351 281 1429 spicata
311 1370 407 1428 usque
438 1350 476 1411 ad
505 1373 535 1429 p.
555 1354 667 1427 6022
695 1351 845 1431 εἰρηκέναι
876 1359 939 1426 τοῖς
969 1355 1188 1415 continebatur.

166 1440 279 1499 Locum
308 1460 366 1515 quo
390 1441 550 1501 concilium
574 1439 813 1503 chalcedonense
840 1446 982 1503 narratur
1003 1465 1032 1519 p.
1049 1445 1124 1519 611,
1145 1448 1187 1504 20

166 1531 287 1603 -612,
308 1532 349 1589 20
374 1530 508 1590 consulto
521 1529 670 1591 librarius
691 1532 903 1606 praetermisit.
940 1530 1061 1610 Georgii
1079 1553 1188 1592 nornen

165 1620 199 1677 in
230 1618 307 1677 libro
339 1638 399 1677 nou
423 1622 555 1694 ‘exstat,·
574 1638 641 1679 cum
673 1622 771 1696 prima
803 1622 959 1697 inscriptio
988 1624 1126 1697 pertenit,
1158 1628 1195 1683 et.

166 1709 268 1783 p.43,
290 1712 340 1782 11,
376 1708 429 1766 ubi
459 1707 491 1766 in
523 1708 675 1769 nonnullis
710 1709 795 1768 libris
827 1710 1047 1788 chronographi
1078 1732 1188 1771 nomen

165 1802 425 1871 commemoratur,
448 1816 551 1857 versus
567 1802 688 1857 tantum
706 1817 802 1859 novus
824 1799 989 1874 incipiatur
1011 1805 1041 1859 et
1058 1803 1091 1859 in
1109 1821 1192 1859 mar·

163 1888 236 1963 gine
259 1885 351 1945 verbs.
372 1886 463 1945 rubro
481 1890 650 1947 atramento
673 1888 786 1964 scripta
805 1880 893 1967 Ἀρχὴ
913 1882 1008 1966 Ἀδὰμ
1030 1890 1191 1951 exhibean-

165 1978 224 2039 ‚tur
261 1974 351 2034 Liber
373 1979 419 2035 est
443 1978 530 2051 quasi
552 1996 611 2035 uuo
638 1980 743 2036 tenore
765 1978 903 2053 scriptus,
930 1998 1026 2054 neque
1048 1980 1195 2056 graviora
1297 1985 1299 1996 '

166 2066 310 2125 historiae
333 2068 485 2123 momenta
507 2084 603 2141 neque
625 2084 786 2142 regnorum
808 2067 857 2125 vel
880 2066 1075 2143 imperiorum
1097 2070 1189 2129 initia

166 2153 411 2231 inscriptionibus
425 2155 541 2215 notisve
557 2155 777 2232 marginalibus
794 2156 1006 2232 insigniuntur.
1038 2158 1193 2219 Numeros

164 2242 317 2303 ,ordinales
344 2262 447 2319 usque·
467 2242 506 2301 ad
529 2239 589 2324 ξγ’,
617 2243 842 2320 qui-Hadriani
864 2248 990 2322 imperio
1021 2247 1191 2324 adscriptus

166 2336 229 2407 est,
258 2332 405 2396 recentior
431 2352 537 2393 manus
570 2332 694 2391 addidit.
740 2332 842 2409 Usque
872 2334 911 2393 ad
936 2335 1003 2393 'Titi
1028 2338 1189 2412 imperium

167 2441 236 2481 raro
259 2421 400 2481 librarius
419 2440 496 2498 quae
519 2422 547 2481 ei
566 2424 674 2481 notatu
692 2420 788 2500 digna,
801 2423 981 2488 videbantur
999 2427 1079 2484 notis
1096 2426 1189 2486 rubro

168 2514 336 2570 aucmento
359 2512 479 2589 scriptis
508 2512 673 2589 insignivit.
719 2511 879 2572 Praeterea
904 2514 938 2571 in
960 2517 1095 2591 margine
1118 2515 1190 2575 inde

168 2620 186 2658 a
215 2598 390 2660 Constantio
424 2598 532 2660 chloro
564 2601 779 2676 imperatorum
810 2621 930 2677 uxores,
961 2602 1030 2661 inde
1062 2624 1080 2661 a
1113 2602 1190 2663 Gon·

167 2690 280 2749 stantio
305 2687 496 2749 Constantini
522 2690 626 2768 Magni
652 2690 715 2749 filio
743 2693 774 2749 et
805 2690 910 2749 mundi
938 2694 969 2751 et
994 2693 1190 2768 imperiorum

168 2778 486 2855 patriarchatuumque
501 2781 573 2837 anni
582 2783 859 2839 commemorantur.
883 2780 946 2839 Hos
956 2785 1084 2858 apparet
1097 2781 1189 2841 libra·

166 2868 246 2929 rium
261 2887 296 2925 cx
305 2867 494 2943 Theophanis
509 2868 647 2928 chronico
657 2868 904 2946 transscripsisse,
917 2870 1076 2929 non-nullos
1086 2875 1189 2931 tamen

168 2957 310 3017 omisisse.
355 2956 463 3017 Paucis
479 2956 611 3017 ¹scholiis
638 2958 857 3035 marginalibus
884 2978 971 3019 voces
1000 2960 1190 3036 explicantur

168 3047 265 3105 veluti
295 3066 324 3121 p.
352 3046 428 3120 156,
454 3048 493 3104 12
527 3049 612 3105 iuxta
644 3045 820 3124 διανήξηται
851 3047 943 3107 verba
974 3052 1094 3109 exstant
1125 3049 1189 3109 δια-

167 3134 354 3195 almarico
372 3133 422 3194 aci
440 3132 607 3215 ἕκπερᾶσαι,
626 3158 654 3212 p.
673 3137 802 3211 156,14
821 3133 942 3214 ἀληθὴς
961 3139 1046 3196 iuxta
1064 3135 1190 3219 ἀτρεκὴς

169 3226 230 3283 alia
252 3224 284 3283 id
307 3242 407 3303 genus.
784 3258 787 3263 ·

236 3314 346 3373 Textus
378 3314 458 3374 idem
490 3315 552 3374 fere
584 3317 630 3375 est
666 3316 719 3389 qui
749 3314 894 3374 librorum
927 3313 1189 3376 coislinianorum.

168 3403 259 3463 Libro
283 3403 310 3463 ’0
331 3404 507 3483 cognatione
535 3406 689 3480 proximus
716 3407 762 3463 est
784 3404 826 3478 Γ,
852 3406 885 3463 in
913 3409 1040 3480 utroque
1067 3406 1189 3466 lacuna·

113 3506 116 3511 “
168 3514 235 3551 rum
259 3493 507 3570 et‘siugnlarium
530 3494 693 3551 lectionum
716 3491 876 3551 earundem
898 3512 1024 3571 magnus
1048 3514 1189 3555 numerus

167 3584 329 3649 invenitur.
374 3580 447 3643 Post
473 3604 501 3658 p.
529 3583 677 3655 100,17;
701 3583 833 3656 251,9;
857 3584 936 3658 263,
957 3584 1011 3658 13;
1036 3585 1190 3660 294,14;
1297 3627 1298 3630 κ
