2617 3909
539 241 727 293 xponnzon
1077 239 1139 304 341

127 390 194 461 σίας
221 386 271 448 καί
298 397 351 467 τῆς
377 389 453 468 πρὸς
479 388 511 450 τὸ
539 394 621 467 θῆλυ
647 387 811 468 ἐπιθυμίας
840 412 870 450 τε
896 387 946 449 καί
974 390 1141 463 συνουσίας.

127 486 163 548 τδι
186 484 218 547 δέ
241 485 329 547 λοιπὰ
352 495 412 547 τῶν
429 485 555 548 ἐντολῶν
572 497 664 547 πᾶσιν
684 485 793 566 δμοίως
810 485 1068 566 νενομοθετημένα
1087 486 1143 548 οῦκ

128 583 275 646 ἀκίνδυνα
303 589 365 656 τοῖς
394 585 638 664 παραβαίνουσιν.
685 583 735 645 καί
761 584 816 665 γδιρ
844 585 1098 667 εὐαγγελιζόμενος
1126 581 1142 644 ὁ

129 683 256 766 Χριστὸς
278 680 313 742 τὰ
335 691 389 743 τοῦ
411 681 521 764 πατρὸς
544 682 705 761 ἐντάλματα
731 687 792 756 τοῖς
814 682 846 744 ἐν
869 689 908 767 τῷ
927 683 1027 768 κόσμῳ
1054 681 1142 744 διελέ-

128 804 201 864 γετο.
247 781 275 843 εί
300 780 334 843 δέ
361 804 422 843 που
453 780 565 862 συνέβη
597 780 689 843 αὐτὸν
717 775 780 843 κατ’
807 781 887 843 ἰδίαν
918 780 1141 864 ἐπερωτηθέντα
1168 793 1279 842 526321.

129 886 191 952 τοῖς
212 878 320 941 ἐαυτοῦ
343 885 493 958 μαθηταῖς
513 879 743 960 ἀποκρίνασθαι,
767 879 978 960 διεμαρτύρατο
997 878 1101 961 λέγων·
1126 876 1141 940 ὃ

131 975 163 1039 δὲ
190 976 263 1056 ύμῖν
290 975 377 1057 λέγω,
404 987 477 1038 πᾶσι
499 975 580 1059 λέγω.
626 977 667 1056 μὴ
691 978 794 1038 τοίνυν
816 975 975 1062 ἀναπέσης,
999 970 1022 1038 ὦ
1045 970 1142 1058 οὗτος,

34 1077 40 1086 ’
131 1073 146 1137 δ
174 1074 248 1156 πρὸς
274 1076 435 1136 κοινωνίαν
461 1074 602 1156 γυναικὸς
629 1074 851 1159 προῃρημένος,
879 1073 919 1148 ὡς
942 1069 988 1136 ἐπ’
1009 1075 1143 1150 ἐξουσίας

130 1172 204 1253 ἔχων
226 1171 278 1233 τὸν
304 1173 417 1252 κόσμον
445 1173 681 1253 περιβάλλεσθαι.
726 1171 871 1234 πλειόνων
894 1173 949 1256 γάρ
972 1191 1019 1234 σοι
1041 1173 1143 1234 πόνων

130 1269 179 1331 καὶ
207 1275 344 1350 φυλακῆς
373 1271 454 1351 χρεία
481 1269 555 1351 πρὸς
581 1270 637 1350 τῆν
664 1281 716 1351 τῆς
739 1272 885 1351 σωτηρίας
907 1270 1071 1352 ἐπιτυχίαν,
1095 1271 1143 1332 άτε
1157 1290 1183 1330 ιο

132 1368 170 1447 δη
198 1367 247 1428 καί
274 1368 308 1430 ἐν
334 1365 412 1453 μέσφ
439 1378 498 1428 τῶν
526 1369 661 1450 παγίδων
688 1367 737 1429 κοιλ
764 1377 817 1429 τοῦ
840 1370 965 1450 κράτους
988 1379 1047 1429 τῶν
1069 1367 1143 1430 όιπο-

131 1475 274 1527 στατικῶν
304 1465 460 1545 δυνάμεων
487 1466 580 1527 οἰκεῖν
602 1465 780 1550 ἐκλεξαμένῳ
804 1465 854 1527 καί
876 1465 945 1539 τούς
967 1466 1144 1549 ἐρεθισμοῦς

131 1573 190 1625 τῶν
213 1562 363 1646 ἁμαρτιῶν
385 1557 432 1625 ἐπ’
454 1561 528 1641 ὄψιν
551 1564 645 1645 ἐχοντι
669 1562 719 1625 καί
742 1563 815 1645 πρὸς
838 1563 892 1642 τῆν
915 1563 1013 1626 αὐτῶν
1036 1564 1143 1626 ἐπιθυ-

133 1663 204 1740 μίαν
225 1663 341 1741 νύκτωρ
363 1684 393 1722 τε
417 1661 468 1723 καλ
490 1656 560 1741 μεθ’
580 1659 694 1742 ἡμέραν
716 1659 952 1746 ἐκμοχλενομένφ
975 1662 1071 1735 πάσας
1089 1679 1143 1724 σου

131 1759 183 1834 τὰς
209 1760 372 1838 αἰσθήσεις.
417 1761 541 1842 γίνωσκε
568 1751 624 1821 ούν
652 1758 692 1832 ὡς
715 1759 771 1821 ούκ
793 1758 970 1841 ἀποδράσεις
992 1760 1047 1839 τῆν
1069 1759 1143 1843 πρὸς
1158 1778 1183 1820 ω

130 1857 182 1919 τόν
209 1857 379 1937 ἀποστάτην
407 1859 588 1939 παλαίστραν
610 1855 680 1919 οῦδὲ
703 1867 755 1937 τῆς
778 1857 883 1918 τούτου
906 1859 992 1937 νίκης
1014 1858 1142 1941 καθάφη

131 1954 204 2018 άνεν
221 1955 325 2018 πόνων
342 1961 459 2017 πολλῶν
476 1966 536 2017 τῶν
554 1955 602 2017 ἐπί
618 1961 738 2040 φυλακῆ
752 1965 811 2015 τῶν
824 1955 1019 2037 εύαγγελικῶν
1034 1955 1143 2036 δογμά-

130 2077 198 2115 των.
243 2051 294 2114 καλ
316 2063 407 2114 ταῦτα
429 2051 484 2132 μὲν
506 2052 538 2114 ἐν
560 2054 737 2136 παραδρομῇ
760 2051 835 2134 πρὸς
855 2052 925 2125 τοῦς
942 2052 974 2114 ἐν
992 2053 1144 2133 συζυγίαις

131 2150 299 2225 ἀκινδύνως
326 2160 379 2230 τῆς
405 2161 465 2212 τῶν
492 2150 618 2212 ἐντολῶν
647 2160 700 2211 τοῦ
729 2153 860 2229 Χριστοῦ
890 2155 1027 2229 φυλακῆς
1055 2172 1143 2209 κατα-

132 2254 291 2329 μελοῦντας
313 2249 453 2329 εἰρήσθω.
500 2247 537 2309 σύ
561 2246 608 2328 δέ,
633 2245 650 2308 δ
672 2257 731 2308 τῶν
754 2247 903 2327 οὐρανίων
925 2247 1144 2326 πολιτευμάτων
1158 2267 1184 2307 το

133 2346 255 2428 ἐραστὴς
277 2345 327 2407 καλ
349 2356 402 2426 τῆς
424 2344 578 2426 άγγελικῆς
601 2347 749 2426 διαγωγῆς
771 2345 993 2427 πραγματευτὴς
1015 2343 1065 2406 καλ
1085 2355 1144 2406 τῶν

131 2441 223 2526 ἁγίων
246 2450 392 2524 μαθητῶν
414 2453 466 2505 τοῦ
489 2447 619 2525 Χριστοῦ
642 2443 857 2523 συστρατιώτης
879 2442 1019 2524 γενέσθαι
1036 2443 1144 2504 ἐπιθυ-

130 2552 210 2623 μῶν,
241 2541 373 2603 τόνωσον
404 2541 528 2602 σεαυτὸν
560 2540 634 2623 πρὸς
665 2541 823 2620 ύπομονῆν
851 2542 988 2620 θλίψεων
1015 2539 1064 2602 καλ
1091 2539 1144 2601 άν-

130 2642 234 2722 δρείως
255 2639 400 2721 πρόσελθε
423 2649 458 2725 τῆ
482 2638 634 2725 συγκλήτῳ
658 2649 717 2700 τῶν
740 2649 884 2719 μοναχῶν.

201 2809 217 2856 6
235 2803 321 2858 Marc.
334 2808 376 2871 13,
386 2808 427 2856 37,
448 2834 481 2842 —
502 2808 607 2856 18-24
625 2801 711 2855 Basil.
726 2803 761 2856 ib.
778 2806 828 2854 629
841 2800 869 2854 (λ.

201 2934 217 2981 2
238 2926 503 2997 ένομοθετημέναΕ
527 2925 659 2996 ἐννομοθ.
680 2925 707 2980 O.
732 2957 766 2966 -
790 2931 806 2979 5
830 2923 1007 2994 ἐρωτηθέντα
1029 2924 1084 2978 PR.
1109 2956 1143 2965 —

133 3005 149 3052 6
165 2996 372 3067 ἀποκρίνεσθαι
386 2998 444 3052 RV.
460 3030 493 3039 -
508 2999 706 3069 διεμαρτύρετο
720 2996 819 3051 RExo.
834 3029 869 3036 -
884 3001 901 3050 8
914 2994 1107 3065 προηρημίνος
1120 2995 1143 3048 Β

129 3078 156 3126 et
167 3088 238 3127 rece.
252 3069 382 3125 nonnulli
395 3067 587 3139 προσρημένος
600 3069 622 3122 Ε
640 3066 842 3137 προειρημένος
855 3067 915 3122 rell.
931 3099 964 3107 -
982 3064 1144 3132 ἐπεξουσίας

129 3141 179 3196 LN
206 3139 252 3198 ἐπ’
273 3139 403 3207 ἐξουσίαν
421 3140 444 3193 Ρ
466 3136 517 3194 ὑπ’
538 3140 603 3209 (ὑπὸ
625 3139 711 3210 BFV)
737 3135 864 3205 ἐξουσίας
886 3138 945 3193 rell.
974 3134 1143 3204 όπεξουσίαν

129 3213 195 3268 Exo.
215 3245 249 3254 —
276 3219 291 3268 9
310 3211 528 3285 περιβαλλέσθω
545 3212 568 3265 L
587 3218 614 3266 et
630 3228 700 3266 τεοο.
720 3210 837 3279 quidam
859 3207 1062 3281 περιβαλέσθαι
1079 3209 1142 3262 Bas.

130 3316 164 3326 —
185 3292 218 3338 16
236 3285 336 3339 τοῦτον
355 3283 434 3337 ANP
443 3283 506 3337 Βεε.
529 3283 636 3338 τούτων
654 3282 714 3337 τελλ.
735 3313 768 3321 -
793 3287 826 3335 19
844 3282 895 3352 τὴν
906 3284 1076 3350 -φυλακῆς
1094 3278 1142 3334 GE

128 3356 181 3425 τὴν
191 3388 224 3396 -
236 3355 365 3425 φυλακὴν
379 3356 412 3409 R.
427 3387 461 3395 -
475 3356 646 3424 ἀμελοῦντας
660 3353 681 3406 L
697 3353 882 3423 (ἀμελούντων
896 3351 981 3423 Exn),
996 3383 1029 3392 -
1049 3357 1082 3405 21
1098 3351 1143 3405 εύ-

131 3430 278 3497 αγγελικῆς
290 3425 347 3480 LN.
358 3458 392 3466 —
406 3433 619 3495 πραγματεντῆς
628 3425 652 3478 Δ
662 3424 728 3478 Exc.
743 3443 818 3494 πραγ
858 3423 997 3493 τενθῆςΟ
1014 3442 1143 3494 πραγμα-

128 3498 272 3567 τευμάτων
286 3498 317 3551 B.
333 3529 366 3538 -
386 3503 419 3551 22
435 3494 524 3567 ἁγίων
538 3505 587 3551 τοῦ
602 3517 643 3567 χρ.
660 3500 796 3565 μαθητῶν
840 3495 905 3550 Exc.
925 3504 975 3550 τοῦ
988 3516 1029 3565 γρ.
1045 3511 1095 3550 om.
1111 3494 1142 3547 B.

203 3628 236 3676 13
250 3623 281 3678 έν
296 3621 396 3692 όψεσιν
405 3621 496 3675 ΡΒοε.
508 3653 541 3661 -
552 3627 585 3674 23
600 3620 672 3690 πρὸς
685 3621 736 3690 τῆν
750 3621 895 3691 ὑπομονὴν
909 3629 965 3675 τῶν
974 3618 1102 3691 θλίψεων
1112 3618 1143 3674 Ρ.
