<?xml version="1.0" encoding="UTF-8"?>
<!DOCTYPE html PUBLIC "-//W3C//DTD XHTML 1.0 Transitional//EN"
    "http://www.w3.org/TR/xhtml1/DTD/xhtml1-transitional.dtd">
<html xmlns="http://www.w3.org/1999/xhtml" xml:lang="en" lang="en">
 <head>
  <title>
</title>
<meta http-equiv="Content-Type" content="text/html;charset=utf-8" />
  <meta name='ocr-system' content='tesseract 3.04.00' />
  <meta name='ocr-capabilities' content='ocr_page ocr_carea ocr_par ocr_line ocrx_word'/>
</head>
<body>
  <div class='ocr_page' id='page_1' title='image "./georgiimonachic01boorgoog_0081.png"; bbox 0 0 2617 3909; ppageno 0'>
   <div class='ocr_carea' id='block_1_1' title="bbox 525 248 1136 301">
    <p class='ocr_par' dir='ltr' id='par_1_1' title="bbox 525 248 1136 301">
     <span class='ocr_line' id='line_1_1' title="bbox 525 248 1136 301; baseline 0 0"><span class='ocrx_word' id='word_1_1' title='bbox 525 248 727 301; x_wconf 78' lang='lat' dir='ltr'><strong>PRAEFATIO</strong></span> <span class='ocrx_word' id='word_1_2' title='bbox 1007 250 1136 301; x_wconf 83' lang='lat' dir='ltr'>LXXVII</span> 
     </span>
    </p>
   </div>
   <div class='ocr_carea' id='block_1_2' title="bbox 109 395 1139 1369">
    <p class='ocr_par' dir='ltr' id='par_1_2' title="bbox 109 395 1139 1369">
     <span class='ocr_line' id='line_1_2' title="bbox 109 395 1133 477; baseline 0.001 -20"><span class='ocrx_word' id='word_1_3' title='bbox 109 395 164 457; x_wconf 85' lang='grc' dir='ltr'><strong>καί</strong></span> <span class='ocrx_word' id='word_1_4' title='bbox 186 397 329 477; x_wconf 90' lang='grc' dir='ltr'><strong><em>μάστιγας</em></strong></span> <span class='ocrx_word' id='word_1_5' title='bbox 351 396 502 458; x_wconf 78' lang='grc' dir='ltr'><strong><em>ἐπιθεῖναι</em></strong></span> <span class='ocrx_word' id='word_1_6' title='bbox 528 395 578 457; x_wconf 85' lang='grc' dir='ltr'><strong>καί</strong></span> <span class='ocrx_word' id='word_1_7' title='bbox 605 407 658 476; x_wconf 77' lang='grc' dir='ltr'><strong><em>τῆς</em></strong></span> <span class='ocrx_word' id='word_1_8' title='bbox 682 395 781 474; x_wconf 77' lang='grc' dir='ltr'><strong><em>ὅψεως</em></strong></span> <span class='ocrx_word' id='word_1_9' title='bbox 808 396 901 459; x_wconf 80' lang='grc' dir='ltr'><strong><em>αὐτοῦ</em></strong></span> <span class='ocrx_word' id='word_1_10' title='bbox 924 395 1057 471; x_wconf 77' lang='grc' dir='ltr'><strong><em>ἐξελάσαι</em></strong></span> <span class='ocrx_word' id='word_1_11' title='bbox 1083 396 1133 458; x_wconf 84' lang='grc' dir='ltr'><strong>καί</strong></span> 
     </span>
     <span class='ocr_line' id='line_1_3' title="bbox 111 481 1133 566; baseline 0 -19"><span class='ocrx_word' id='word_1_12' title='bbox 111 487 154 566; x_wconf 71' lang='grc' dir='ltr'><strong>μη</strong></span> <span class='ocrx_word' id='word_1_13' title='bbox 187 490 337 558; x_wconf 80' lang='grc' dir='ltr'><strong><em>παντελῶς</em></strong></span> <span class='ocrx_word' id='word_1_14' title='bbox 369 486 540 563; x_wconf 83' lang='grc' dir='ltr'><strong><em>φείσασθαι.</em></strong></span> <span class='ocrx_word' id='word_1_15' title='bbox 595 481 659 547; x_wconf 88' lang='grc' dir='ltr'><strong><em>ἀλλ’</em></strong></span> <span class='ocrx_word' id='word_1_16' title='bbox 689 485 791 565; x_wconf 79' lang='grc' dir='ltr'><strong><em>ἐπειδη</em></strong></span> <span class='ocrx_word' id='word_1_17' title='bbox 824 486 1003 565; x_wconf 76' lang='grc' dir='ltr'><strong><em>φεισάμενος</em></strong></span> <span class='ocrx_word' id='word_1_18' title='bbox 1039 485 1133 548; x_wconf 79' lang='grc' dir='ltr'><strong><em>αὐτοῦ</em></strong></span> 
     </span>
     <span class='ocr_line' id='line_1_4' title="bbox 112 572 1134 657; baseline 0.002 -22"><span class='ocrx_word' id='word_1_19' title='bbox 112 585 173 636; x_wconf 86' lang='grc' dir='ltr'><strong>τῶν</strong></span> <span class='ocrx_word' id='word_1_20' title='bbox 195 575 314 637; x_wconf 78' lang='grc' dir='ltr'><strong><em>παίδων</em></strong></span> <span class='ocrx_word' id='word_1_21' title='bbox 336 572 477 657; x_wconf 79' lang='grc' dir='ltr'><strong><em>ἀκαίρως,</em></strong></span> <span class='ocrx_word' id='word_1_22' title='bbox 500 573 571 653; x_wconf 79' lang='grc' dir='ltr'><strong><em>μετὰ</em></strong></span> <span class='ocrx_word' id='word_1_23' title='bbox 590 584 650 636; x_wconf 89' lang='grc' dir='ltr'><strong>τῶν</strong></span> <span class='ocrx_word' id='word_1_24' title='bbox 668 576 787 637; x_wconf 80' lang='grc' dir='ltr'><strong><em>παίδων</em></strong></span> <span class='ocrx_word' id='word_1_25' title='bbox 808 574 858 636; x_wconf 86' lang='grc' dir='ltr'><strong>καί</strong></span> <span class='ocrx_word' id='word_1_26' title='bbox 876 574 932 654; x_wconf 79' lang='grc' dir='ltr'><strong>τὴν</strong></span> <span class='ocrx_word' id='word_1_27' title='bbox 949 574 1057 637; x_wconf 75' lang='grc' dir='ltr'><strong><em>ἑαυτοῦ</em></strong></span> <span class='ocrx_word' id='word_1_28' title='bbox 1076 593 1134 637; x_wconf 91' lang='grc' dir='ltr'><strong><em>σω-</em></strong></span> 
     </span>
     <span class='ocr_line' id='line_1_5' title="bbox 111 662 1136 744; baseline 0 -19"><span class='ocrx_word' id='word_1_29' title='bbox 111 664 219 743; x_wconf 88' lang='grc' dir='ltr'><strong><em>τηρίαν</em></strong></span> <span class='ocrx_word' id='word_1_30' title='bbox 247 662 404 725; x_wconf 85' lang='grc' dir='ltr'><strong><em>ἀπώλεσεν.</em></strong></span> <span class='ocrx_word' id='word_1_31' title='bbox 450 664 576 725; x_wconf 81' lang='lat' dir='ltr'><strong>Goustct</strong></span> <span class='ocrx_word' id='word_1_32' title='bbox 604 667 706 725; x_wconf 83' lang='lat' dir='ltr'><strong>eutem</strong></span> <span class='ocrx_word' id='word_1_33' title='bbox 732 668 832 741; x_wconf 90' lang='lat' dir='ltr'><strong>ipsum</strong></span> <span class='ocrx_word' id='word_1_34' title='bbox 854 664 1017 744; x_wconf 79' lang='lat' dir='ltr'>Georgium</span> <span class='ocrx_word' id='word_1_35' title='bbox 1044 686 1136 725; x_wconf 91' lang='lat' dir='ltr'><strong>enun-</strong></span> 
     </span>
     <span class='ocr_line' id='line_1_6' title="bbox 112 755 1135 831; baseline 0.002 -18"><span class='ocrx_word' id='word_1_36' title='bbox 112 756 184 814; x_wconf 84' lang='lat' dir='ltr'><strong>tisti</strong></span> <span class='ocrx_word' id='word_1_37' title='bbox 215 755 396 831; x_wconf 80' lang='lat' dir='ltr'><strong>perticulam</strong></span> <span class='ocrx_word' id='word_1_38' title='bbox 432 756 579 829; x_wconf 88' lang='lat' dir='ltr'><strong>omisisse,</strong></span> <span class='ocrx_word' id='word_1_39' title='bbox 611 774 673 815; x_wconf 87' lang='lat' dir='ltr'><strong>non</strong></span> <span class='ocrx_word' id='word_1_40' title='bbox 703 755 851 815; x_wconf 77' lang='lat' dir='ltr'><strong>librarios.</strong></span> <span class='ocrx_word' id='word_1_41' title='bbox 897 756 979 827; x_wconf 77' lang='lat' dir='ltr'><strong>Quae</strong></span> <span class='ocrx_word' id='word_1_42' title='bbox 1011 755 1135 816; x_wconf 86' lang='lat' dir='ltr'><strong>Rufinus</strong></span> 
     </span>
     <span class='ocr_line' id='line_1_7' title="bbox 112 843 1136 921; baseline 0.002 -18"><span class='ocrx_word' id='word_1_43' title='bbox 112 846 219 904; x_wconf 74' lang='lat' dir='ltr'><strong>narret</strong></span> <span class='ocrx_word' id='word_1_44' title='bbox 236 843 316 905; x_wconf 88' lang='lat' dir='ltr'><strong>Hist.</strong></span> <span class='ocrx_word' id='word_1_45' title='bbox 336 845 404 904; x_wconf 86' lang='lat' dir='ltr'><strong>cccl.</strong></span> <span class='ocrx_word' id='word_1_46' title='bbox 423 844 469 918; x_wconf 90' lang='grc' dir='ltr'><strong>Π,</strong></span> <span class='ocrx_word' id='word_1_47' title='bbox 481 845 537 903; x_wconf 84' lang='lat'><strong>32:</strong></span> <span class='ocrx_word' id='word_1_48' title='bbox 556 844 634 903; x_wconf 86' lang='lat' dir='ltr'><strong>Tum</strong></span> <span class='ocrx_word' id='word_1_49' title='bbox 651 844 713 918; x_wconf 85' lang='lat' dir='ltr'><strong>illc,</strong></span> <span class='ocrx_word' id='word_1_50' title='bbox 732 846 785 920; x_wconf 91' lang='lat' dir='ltr'><strong>qui</strong></span> <span class='ocrx_word' id='word_1_51' title='bbox 802 846 931 921; x_wconf 80' lang='lat' dir='ltr'><strong>primam</strong></span> <span class='ocrx_word' id='word_1_52' title='bbox 950 845 986 905; x_wconf 87' lang='lat' dir='ltr'><strong>de</strong></span> <span class='ocrx_word' id='word_1_53' title='bbox 1004 845 1136 905; x_wconf 73' lang='lat' dir='ltr'><strong>Maximo</strong></span> 
     </span>
     <span class='ocr_line' id='line_1_8' title="bbox 113 932 1137 1010; baseline 0.001 -17"><span class='ocrx_word' id='word_1_54' title='bbox 113 934 142 994; x_wconf 88' lang='lat' dir='ltr'><strong>ei</strong></span> <span class='ocrx_word' id='word_1_55' title='bbox 160 934 321 993; x_wconf 83' lang='lat' dir='ltr'><strong>victorium</strong></span> <span class='ocrx_word' id='word_1_56' title='bbox 339 933 528 1010; x_wconf 75' lang='lat' dir='ltr'><strong>praedixerat</strong></span> <span class='ocrx_word' id='word_1_57' title='bbox 546 932 743 1010; x_wconf 80' lang='lat' dir='ltr'><strong>incruentum,</strong></span> <span class='ocrx_word' id='word_1_58' title='bbox 766 935 858 993; x_wconf 85' lang='lat' dir='ltr'><strong>etiem</strong></span> <span class='ocrx_word' id='word_1_59' title='bbox 877 934 964 1008; x_wconf 82' lang='lat' dir='ltr'><strong>hsnc,</strong></span> <span class='ocrx_word' id='word_1_60' title='bbox 987 934 1058 994; x_wconf 87' lang='lat' dir='ltr'><strong>licet</strong></span> <span class='ocrx_word' id='word_1_61' title='bbox 1075 954 1137 995; x_wconf 91' lang='lat' dir='ltr'><strong>non</strong></span> 
     </span>
     <span class='ocr_line' id='line_1_9' title="bbox 113 1022 1134 1101; baseline 0 -18"><span class='ocrx_word' id='word_1_62' title='bbox 113 1024 227 1098; x_wconf 80' lang='lat' dir='ltr'><strong>ubsque</strong></span> <span class='ocrx_word' id='word_1_63' title='bbox 251 1022 384 1098; x_wconf 84' lang='lat' dir='ltr'><strong>plurime</strong></span> <span class='ocrx_word' id='word_1_64' title='bbox 406 1024 562 1098; x_wconf 88' lang='lat' dir='ltr'><strong>utriusque</strong></span> <span class='ocrx_word' id='word_1_65' title='bbox 581 1024 729 1083; x_wconf 86' lang='lat' dir='ltr'><strong>exercitus</strong></span> <span class='ocrx_word' id='word_1_66' title='bbox 753 1024 907 1101; x_wconf 80' lang='lat' dir='ltr'><strong>sanguinis</strong></span> <span class='ocrx_word' id='word_1_67' title='bbox 930 1023 1134 1099; x_wconf 79' lang='lat' dir='ltr'><strong>inundatione,</strong></span> 
     </span>
     <span class='ocr_line' id='line_1_10' title="bbox 112 1110 1136 1190; baseline 0.003 -20"><span class='ocrx_word' id='word_1_68' title='bbox 112 1112 278 1190; x_wconf 72' lang='lat' dir='ltr'><strong>promittit,</strong></span> <span class='ocrx_word' id='word_1_69' title='bbox 301 1110 447 1189; x_wconf 73' lang='lat' dir='ltr'><strong>Georgius</strong></span> <span class='ocrx_word' id='word_1_70' title='bbox 470 1132 498 1189; x_wconf 91' lang='lat' dir='ltr'><strong>p.</strong></span> <span class='ocrx_word' id='word_1_71' title='bbox 519 1112 593 1190; x_wconf 83' lang='lat'><strong>590,</strong></span> <span class='ocrx_word' id='word_1_72' title='bbox 610 1113 650 1171; x_wconf 81' lang='lat'><strong>15</strong></span> <span class='ocrx_word' id='word_1_73' title='bbox 674 1112 812 1189; x_wconf 83' lang='lat' dir='ltr'><strong>neglecte</strong></span> <span class='ocrx_word' id='word_1_74' title='bbox 833 1112 986 1189; x_wconf 80' lang='lat' dir='ltr'><strong>primodo</strong></span> <span class='ocrx_word' id='word_1_75' title='bbox 1005 1113 1136 1173; x_wconf 75' lang='lat' dir='ltr'><strong>Maximo</strong></span> 
     </span>
     <span class='ocr_line' id='line_1_11' title="bbox 112 1192 1138 1284; baseline 0 -23"><span class='ocrx_word' id='word_1_76' title='bbox 112 1203 244 1261; x_wconf 78' lang='lat' dir='ltr'><strong>victoria</strong></span> <span class='ocrx_word' id='word_1_77' title='bbox 267 1203 310 1261; x_wconf 84' lang='lat' dir='ltr'><strong>sic</strong></span> <span class='ocrx_word' id='word_1_78' title='bbox 336 1200 450 1261; x_wconf 83' lang='lat' dir='ltr'><strong>reddit:</strong></span> <span class='ocrx_word' id='word_1_79' title='bbox 479 1192 568 1273; x_wconf 77' lang='grc' dir='ltr'><strong><em>οὗτος</em></strong></span> <span class='ocrx_word' id='word_1_80' title='bbox 594 1198 649 1281; x_wconf 89' lang='grc' dir='ltr'><strong>γάρ</strong></span> <span class='ocrx_word' id='word_1_81' title='bbox 677 1198 728 1260; x_wconf 87' lang='grc' dir='ltr'><strong>καί</strong></span> <span class='ocrx_word' id='word_1_82' title='bbox 754 1209 812 1260; x_wconf 86' lang='grc' dir='ltr'><strong>νῦν</strong></span> <span class='ocrx_word' id='word_1_83' title='bbox 840 1198 1030 1281; x_wconf 75' lang='grc' dir='ltr'><strong><em>ἐπηγγείλατο</em></strong></span> <span class='ocrx_word' id='word_1_84' title='bbox 1057 1199 1138 1284; x_wconf 79' lang='grc' dir='ltr'><strong><em>αὐτῷ</em></strong></span> 
     </span>
     <span class='ocr_line' id='line_1_12' title="bbox 113 1283 1139 1369; baseline 0 -19"><span class='ocrx_word' id='word_1_85' title='bbox 113 1288 170 1367; x_wconf 78' lang='grc' dir='ltr'><strong>τὴν</strong></span> <span class='ocrx_word' id='word_1_86' title='bbox 197 1289 288 1367; x_wconf 90' lang='grc' dir='ltr'><strong><em>νίκην</em></strong></span> <span class='ocrx_word' id='word_1_87' title='bbox 315 1286 499 1368; x_wconf 81' lang='grc' dir='ltr'><strong><em>ἀναίμακτον</em></strong></span> <span class='ocrx_word' id='word_1_88' title='bbox 526 1288 735 1369; x_wconf 76' lang='grc' dir='ltr'><strong><em>προβήσεσθαι</em></strong></span> <span class='ocrx_word' id='word_1_89' title='bbox 761 1289 803 1362; x_wconf 89' lang='grc' dir='ltr'><strong>είς</strong></span> <span class='ocrx_word' id='word_1_90' title='bbox 830 1288 863 1351; x_wconf 83' lang='grc' dir='ltr'><strong>τὸ</strong></span> <span class='ocrx_word' id='word_1_91' title='bbox 887 1283 952 1349; x_wconf 89' lang='grc' dir='ltr'><strong><em>κατ’</em></strong></span> <span class='ocrx_word' id='word_1_92' title='bbox 977 1288 1083 1368; x_wconf 81' lang='grc' dir='ltr'><strong><em>αὐτόν,</em></strong></span> <span class='ocrx_word' id='word_1_93' title='bbox 1111 1289 1139 1350; x_wconf 88' lang='grc' dir='ltr'><strong>εί</strong></span> 
     </span>
    </p>
   </div>
   <div class='ocr_carea' id='block_1_3' title="bbox 112 1372 1267 1459">
    <p class='ocr_par' dir='ltr' id='par_1_3' title="bbox 112 1372 1267 1459">
     <span class='ocr_line' id='line_1_13' title="bbox 112 1372 1267 1459; baseline -0.002 -19"><span class='ocrx_word' id='word_1_94' title='bbox 112 1377 165 1440; x_wconf 87' lang='grc' dir='ltr'><strong>καί</strong></span> <span class='ocrx_word' id='word_1_95' title='bbox 192 1376 253 1439; x_wconf 84' lang='grc' dir='ltr'><strong>ἀπὸ</strong></span> <span class='ocrx_word' id='word_1_96' title='bbox 280 1375 418 1459; x_wconf 75' lang='grc' dir='ltr'><strong><em>ἑκατέρου</em></strong></span> <span class='ocrx_word' id='word_1_97' title='bbox 446 1375 554 1457; x_wconf 83' lang='grc' dir='ltr'><strong><em>μέρους</em></strong></span> <span class='ocrx_word' id='word_1_98' title='bbox 581 1382 717 1439; x_wconf 86' lang='grc' dir='ltr'><strong><em>πλεῖστον</em></strong></span> <span class='ocrx_word' id='word_1_99' title='bbox 743 1377 860 1456; x_wconf 81' lang='grc' dir='ltr'><strong><em>ἔμελλεν</em></strong></span> <span class='ocrx_word' id='word_1_100' title='bbox 883 1377 1034 1458; x_wconf 82' lang='grc' dir='ltr'><strong><em>έκχεῐσθαι</em></strong></span> <span class='ocrx_word' id='word_1_101' title='bbox 1055 1372 1137 1456; x_wconf 87' lang='grc' dir='ltr'><strong><em>αίμα.</em></strong></span> <span class='ocrx_word' id='word_1_102' title='bbox 1263 1423 1267 1431; x_wconf 86' lang='grc'><em>.</em></span> 
     </span>
    </p>
   </div>
   <div class='ocr_carea' id='block_1_4' title="bbox 113 1467 1137 1636">
    <p class='ocr_par' dir='ltr' id='par_1_4' title="bbox 113 1467 1137 1636">
     <span class='ocr_line' id='line_1_14' title="bbox 182 1467 1137 1547; baseline 0.001 -20"><span class='ocrx_word' id='word_1_103' title='bbox 182 1468 353 1528; x_wconf 87' lang='lat' dir='ltr'><strong>Nonnullos</strong></span> <span class='ocrx_word' id='word_1_104' title='bbox 375 1468 457 1527; x_wconf 90' lang='lat' dir='ltr'><strong>locos</strong></span> <span class='ocrx_word' id='word_1_105' title='bbox 481 1467 625 1546; x_wconf 79' lang='lat' dir='ltr'><strong>Georgius</strong></span> <span class='ocrx_word' id='word_1_106' title='bbox 649 1470 680 1528; x_wconf 88' lang='lat' dir='ltr'><strong>et</strong></span> <span class='ocrx_word' id='word_1_107' title='bbox 701 1469 734 1527; x_wconf 89' lang='lat' dir='ltr'><strong>in</strong></span> <span class='ocrx_word' id='word_1_108' title='bbox 757 1470 854 1546; x_wconf 89' lang='lat' dir='ltr'><strong>primo</strong></span> <span class='ocrx_word' id='word_1_109' title='bbox 877 1468 1015 1529; x_wconf 89' lang='lat' dir='ltr'><strong>chronico</strong></span> <span class='ocrx_word' id='word_1_110' title='bbox 1038 1470 1137 1547; x_wconf 88' lang='lat' dir='ltr'><strong>negle-</strong></span> 
     </span>
     <span class='ocr_line' id='line_1_15' title="bbox 113 1557 1137 1636; baseline 0.001 -19"><span class='ocrx_word' id='word_1_111' title='bbox 113 1560 221 1636; x_wconf 85' lang='lat' dir='ltr'><strong>genter</strong></span> <span class='ocrx_word' id='word_1_112' title='bbox 243 1558 388 1617; x_wconf 73' lang='lat' dir='ltr'><strong>tractavit</strong></span> <span class='ocrx_word' id='word_1_113' title='bbox 412 1560 451 1632; x_wconf 85' lang='lat' dir='ltr'><strong>et,</strong></span> <span class='ocrx_word' id='word_1_114' title='bbox 474 1575 542 1617; x_wconf 86' lang='lat' dir='ltr'><strong>cum</strong></span> <span class='ocrx_word' id='word_1_115' title='bbox 560 1557 720 1617; x_wconf 89' lang='lat' dir='ltr'><strong>chronicon</strong></span> <span class='ocrx_word' id='word_1_116' title='bbox 737 1557 930 1633; x_wconf 71' lang='lat' dir='ltr'><strong>retractabat,</strong></span> <span class='ocrx_word' id='word_1_117' title='bbox 953 1577 1023 1618; x_wconf 90' lang='lat' dir='ltr'><strong>cum</strong></span> <span class='ocrx_word' id='word_1_118' title='bbox 1039 1559 1137 1618; x_wconf 84' lang='lat' dir='ltr'><strong>fontes</strong></span> 
     </span>
    </p>
   </div>
   <div class='ocr_carea' id='block_1_5' title="bbox 1 1645 1138 1723">
    <p class='ocr_par' dir='ltr' id='par_1_5' title="bbox 1 1645 1138 1723">
     <span class='ocr_line' id='line_1_16' title="bbox 1 1645 1138 1723; baseline -0.004 -12"><span class='ocrx_word' id='word_1_119' title='bbox 1 1706 2 1711; x_wconf 73' lang='grc'><strong>,</strong></span> <span class='ocrx_word' id='word_1_120' title='bbox 112 1666 184 1707; x_wconf 80' lang='lat' dir='ltr'><strong>raro</strong></span> <span class='ocrx_word' id='word_1_121' title='bbox 208 1647 305 1706; x_wconf 87' lang='lat' dir='ltr'><strong>denuo</strong></span> <span class='ocrx_word' id='word_1_122' title='bbox 327 1645 497 1723; x_wconf 81' lang='lat' dir='ltr'><strong>inspiceret,</strong></span> <span class='ocrx_word' id='word_1_123' title='bbox 526 1648 637 1707; x_wconf 88' lang='lat' dir='ltr'><strong>iterum</strong></span> <span class='ocrx_word' id='word_1_124' title='bbox 659 1650 770 1707; x_wconf 84' lang='lat' dir='ltr'><strong>temere</strong></span> <span class='ocrx_word' id='word_1_125' title='bbox 797 1650 936 1707; x_wconf 78' lang='lat' dir='ltr'><strong>mutavit.</strong></span> <span class='ocrx_word' id='word_1_126' title='bbox 977 1647 1082 1707; x_wconf 87' lang='lat' dir='ltr'><strong>Veluti</strong></span> <span class='ocrx_word' id='word_1_127' title='bbox 1105 1650 1138 1706; x_wconf 89' lang='lat' dir='ltr'><strong>in</strong></span> 
     </span>
    </p>
   </div>
   <div class='ocr_carea' id='block_1_6' title="bbox 113 1734 1142 3687">
    <p class='ocr_par' dir='ltr' id='par_1_6' title="bbox 113 1734 1141 2883">
     <span class='ocr_line' id='line_1_17' title="bbox 113 1734 1137 1815; baseline 0.002 -20"><span class='ocrx_word' id='word_1_128' title='bbox 113 1738 163 1812; x_wconf 84' lang='lat' dir='ltr'><strong>iis,</strong></span> <span class='ocrx_word' id='word_1_129' title='bbox 188 1755 265 1812; x_wconf 85' lang='lat' dir='ltr'><strong>quoe</strong></span> <span class='ocrx_word' id='word_1_130' title='bbox 292 1757 321 1812; x_wconf 93' lang='lat' dir='ltr'><strong>p.</strong></span> <span class='ocrx_word' id='word_1_131' title='bbox 342 1737 416 1811; x_wconf 81' lang='lat'>287,</span> <span class='ocrx_word' id='word_1_132' title='bbox 437 1738 478 1795; x_wconf 77' lang='lat'><strong>17</strong></span> <span class='ocrx_word' id='word_1_133' title='bbox 506 1737 668 1797; x_wconf 77' lang='lat' dir='ltr'><strong>festinante</strong></span> <span class='ocrx_word' id='word_1_134' title='bbox 695 1736 811 1797; x_wconf 84' lang='lat' dir='ltr'><strong>celcmo</strong></span> <span class='ocrx_word' id='word_1_135' title='bbox 839 1740 999 1813; x_wconf 75' lang='lat' dir='ltr'><strong>scripserat</strong></span> <span class='ocrx_word' id='word_1_136' title='bbox 1026 1734 1137 1815; x_wconf 82' lang='grc' dir='ltr'><strong><em>συνέβη</em></strong></span> 
     </span>
     <span class='ocr_line' id='line_1_18' title="bbox 115 1821 1140 1905; baseline 0.002 -22"><span class='ocrx_word' id='word_1_137' title='bbox 115 1825 342 1902; x_wconf 87' lang='grc' dir='ltr'><strong><em>-φαίνεσθαι</em></strong></span> <span class='ocrx_word' id='word_1_138' title='bbox 366 1822 416 1885; x_wconf 82' lang='grc' dir='ltr'><strong>διὰ</strong></span> <span class='ocrx_word' id='word_1_139' title='bbox 438 1832 491 1885; x_wconf 76' lang='grc' dir='ltr'><strong>τοῦ</strong></span> <span class='ocrx_word' id='word_1_140' title='bbox 515 1821 601 1905; x_wconf 89' lang='grc' dir='ltr'><strong><em>ἀέρος</em></strong></span> <span class='ocrx_word' id='word_1_141' title='bbox 624 1824 723 1897; x_wconf 88' lang='grc' dir='ltr'><strong><em>ίππεῖς</em></strong></span> <span class='ocrx_word' id='word_1_142' title='bbox 745 1822 899 1904; x_wconf 83' lang='grc' dir='ltr'><strong><em>τρέχοντας</em></strong></span> <span class='ocrx_word' id='word_1_143' title='bbox 921 1823 1067 1899; x_wconf 76' lang='grc' dir='ltr'><strong><em>ἐνόπλους</em></strong></span> <span class='ocrx_word' id='word_1_144' title='bbox 1088 1823 1140 1885; x_wconf 85' lang='grc' dir='ltr'><strong>καί</strong></span> 
     </span>
     <span class='ocr_line' id='line_1_19' title="bbox 116 1911 1139 1995; baseline 0 -20"><span class='ocrx_word' id='word_1_145' title='bbox 116 1913 298 1994; x_wconf 78' lang='grc' dir='ltr'><strong><em>διαχρύσους</em></strong></span> <span class='ocrx_word' id='word_1_146' title='bbox 326 1911 430 1986; x_wconf 81' lang='grc' dir='ltr'><strong><em>στολὰς</em></strong></span> <span class='ocrx_word' id='word_1_147' title='bbox 457 1912 591 1993; x_wconf 83' lang='grc' dir='ltr'><strong><em>έχοντας,</em></strong></span> <span class='ocrx_word' id='word_1_148' title='bbox 619 1912 669 1973; x_wconf 87' lang='grc' dir='ltr'><strong>καί</strong></span> <span class='ocrx_word' id='word_1_149' title='bbox 696 1912 864 1993; x_wconf 82' lang='grc' dir='ltr'><strong><em>προσβολάς</em></strong></span> <span class='ocrx_word' id='word_1_150' title='bbox 890 1911 1035 1994; x_wconf 73' lang='grc' dir='ltr'><strong><em>ἑκατέρων</em></strong></span> <span class='ocrx_word' id='word_1_151' title='bbox 1058 1936 1139 1995; x_wconf 92' lang='grc' dir='ltr'><strong><em>γινο-</em></strong></span> 
     </span>
     <span class='ocr_line' id='line_1_20' title="bbox 116 2000 1139 2083; baseline -0.001 -19"><span class='ocrx_word' id='word_1_152' title='bbox 116 2001 227 2083; x_wconf 84' lang='grc' dir='ltr'><strong><em>μένων,</em></strong></span> <span class='ocrx_word' id='word_1_153' title='bbox 251 2000 302 2063; x_wconf 85' lang='grc' dir='ltr'><strong>καί</strong></span> <span class='ocrx_word' id='word_1_154' title='bbox 325 2001 425 2063; x_wconf 80' lang='grc' dir='ltr'><strong><em>ὅπλων</em></strong></span> <span class='ocrx_word' id='word_1_155' title='bbox 447 2002 579 2081; x_wconf 77' lang='grc' dir='ltr'><strong><em>κινήσεις</em></strong></span> <span class='ocrx_word' id='word_1_156' title='bbox 601 2000 652 2063; x_wconf 84' lang='grc' dir='ltr'><strong>καί</strong></span> <span class='ocrx_word' id='word_1_157' title='bbox 675 2001 807 2083; x_wconf 85' lang='grc' dir='ltr'><strong><em>χρυσέων</em></strong></span> <span class='ocrx_word' id='word_1_158' title='bbox 824 2002 945 2082; x_wconf 86' lang='grc' dir='ltr'><strong><em>κόσμων</em></strong></span> <span class='ocrx_word' id='word_1_159' title='bbox 968 2001 1139 2081; x_wconf 82' lang='grc' dir='ltr'><strong><em>έκλάμψεις,</em></strong></span> 
     </span>
     <span class='ocr_line' id='line_1_21' title="bbox 115 2090 1140 2171; baseline -0.001 -18"><span class='ocrx_word' id='word_1_160' title='bbox 115 2092 272 2164; x_wconf 83' lang='grc' dir='ltr'><strong><em>παντοίοις</em></strong></span> <span class='ocrx_word' id='word_1_161' title='bbox 303 2090 580 2171; x_wconf 75' lang='grc' dir='ltr'><strong><em>τεθωρακισμένους</em></strong></span> <span class='ocrx_word' id='word_1_162' title='bbox 611 2112 667 2169; x_wconf 91' lang='lat' dir='ltr'><strong>pro</strong></span> <span class='ocrx_word' id='word_1_163' title='bbox 704 2090 865 2170; x_wconf 84' lang='grc' dir='ltr'><strong><em>έκλάμψεις</em></strong></span> <span class='ocrx_word' id='word_1_164' title='bbox 896 2090 948 2153; x_wconf 87' lang='grc' dir='ltr'><strong>καί</strong></span> <span class='ocrx_word' id='word_1_165' title='bbox 978 2092 1140 2164; x_wconf 88' lang='grc' dir='ltr'><strong><em>παντοίους</em></strong></span> 
     </span>
     <span class='ocr_line' id='line_1_22' title="bbox 115 2179 1141 2261; baseline -0.002 -18"><span class='ocrx_word' id='word_1_166' title='bbox 115 2179 342 2261; x_wconf 84' lang='grc' dir='ltr'><strong><em>θωρακισμοάς,</em></strong></span> <span class='ocrx_word' id='word_1_167' title='bbox 361 2183 488 2257; x_wconf 80' lang='lat' dir='ltr'><strong>quaein</strong></span> <span class='ocrx_word' id='word_1_168' title='bbox 506 2183 589 2241; x_wconf 86' lang='lat' dir='ltr'><strong>fonte</strong></span> <span class='ocrx_word' id='word_1_169' title='bbox 612 2182 643 2240; x_wconf 92' lang='lat' dir='ltr'><strong>II</strong></span> <span class='ocrx_word' id='word_1_170' title='bbox 659 2182 794 2243; x_wconf 84' lang='lat' dir='ltr'><strong>Mecocb.</strong></span> <span class='ocrx_word' id='word_1_171' title='bbox 810 2184 840 2257; x_wconf 83' lang='lat'><strong>5,</strong></span> <span class='ocrx_word' id='word_1_172' title='bbox 859 2184 880 2240; x_wconf 88' lang='grc'>4</span> <span class='ocrx_word' id='word_1_173' title='bbox 898 2183 1049 2259; x_wconf 77' lang='lat' dir='ltr'><strong>legimtur,</strong></span> <span class='ocrx_word' id='word_1_174' title='bbox 1072 2199 1141 2241; x_wconf 88' lang='lat' dir='ltr'><strong>cum</strong></span> 
     </span>
     <span class='ocr_line' id='line_1_23' title="bbox 116 2268 1140 2348; baseline -0.004 -15"><span class='ocrx_word' id='word_1_175' title='bbox 116 2271 305 2333; x_wconf 69' lang='lat' dir='ltr'><strong>reuectebct</strong></span> <span class='ocrx_word' id='word_1_176' title='bbox 326 2271 487 2331; x_wconf 81' lang='lat' dir='ltr'><strong>chronicon</strong></span> <span class='ocrx_word' id='word_1_177' title='bbox 514 2270 685 2332; x_wconf 75' lang='lat' dir='ltr'><strong>substituit:</strong></span> <span class='ocrx_word' id='word_1_178' title='bbox 715 2271 869 2343; x_wconf 88' lang='grc' dir='ltr'><strong><em>παντοίοις</em></strong></span> <span class='ocrx_word' id='word_1_179' title='bbox 894 2270 1003 2331; x_wconf 78' lang='grc' dir='ltr'><strong><em>εἴδεσιν</em></strong></span> <span class='ocrx_word' id='word_1_180' title='bbox 1026 2268 1140 2348; x_wconf 77' lang='grc' dir='ltr'><strong><em>ἀμφιά-</em></strong></span> 
     </span>
     <span class='ocr_line' id='line_1_24' title="bbox 116 2356 1140 2438; baseline -0.002 -17"><span class='ocrx_word' id='word_1_181' title='bbox 116 2377 195 2421; x_wconf 84' lang='grc' dir='ltr'><strong><em>σεων</em></strong></span> <span class='ocrx_word' id='word_1_182' title='bbox 227 2356 511 2438; x_wconf 81' lang='grc' dir='ltr'><strong><em>τεθωρακισμένους.</em></strong></span> <span class='ocrx_word' id='word_1_183' title='bbox 561 2359 593 2419; x_wconf 89' lang='grc' dir='ltr'><strong>Ρ.</strong></span> <span class='ocrx_word' id='word_1_184' title='bbox 613 2362 730 2435; x_wconf 79' lang='grc'><strong>542,1</strong></span> <span class='ocrx_word' id='word_1_185' title='bbox 764 2362 796 2419; x_wconf 91' lang='lat' dir='ltr'><strong>in</strong></span> <span class='ocrx_word' id='word_1_186' title='bbox 829 2360 1009 2421; x_wconf 84' lang='lat' dir='ltr'><strong>Theodoreti</strong></span> <span class='ocrx_word' id='word_1_187' title='bbox 1040 2360 1140 2420; x_wconf 84' lang='lat' dir='ltr'><strong>verbis</strong></span> 
     </span>
     <span class='ocr_line' id='line_1_25' title="bbox 116 2446 1140 2529; baseline 0 -19"><span class='ocrx_word' id='word_1_188' title='bbox 116 2450 198 2510; x_wconf 84' lang='lat' dir='ltr'><strong>Hist.</strong></span> <span class='ocrx_word' id='word_1_189' title='bbox 217 2450 287 2509; x_wconf 88' lang='lat' dir='ltr'><strong>eccl.</strong></span> <span class='ocrx_word' id='word_1_190' title='bbox 305 2449 366 2525; x_wconf 85' lang='grc' dir='ltr'><strong>ΠΙ,</strong></span> <span class='ocrx_word' id='word_1_191' title='bbox 386 2450 405 2508; x_wconf 86' lang='grc'>8</span> <span class='ocrx_word' id='word_1_192' title='bbox 429 2456 594 2527; x_wconf 81' lang='grc' dir='ltr'><strong><em>ποιητικῶν</em></strong></span> <span class='ocrx_word' id='word_1_193' title='bbox 621 2447 671 2509; x_wconf 85' lang='grc' dir='ltr'><strong>καί</strong></span> <span class='ocrx_word' id='word_1_194' title='bbox 693 2448 859 2529; x_wconf 77' lang='grc' dir='ltr'><strong><em>ῥητορικῶν</em></strong></span> <span class='ocrx_word' id='word_1_195' title='bbox 885 2446 937 2509; x_wconf 86' lang='grc' dir='ltr'><strong>καί</strong></span> <span class='ocrx_word' id='word_1_196' title='bbox 964 2448 1140 2528; x_wconf 83' lang='grc' dir='ltr'><strong><em>φιλοσόφων</em></strong></span> 
     </span>
     <span class='ocr_line' id='line_1_26' title="bbox 117 2536 1140 2618; baseline 0.002 -21"><span class='ocrx_word' id='word_1_197' title='bbox 117 2536 347 2618; x_wconf 78' lang='grc' dir='ltr'><strong><em>μεταλαγχάνειν</em></strong></span> <span class='ocrx_word' id='word_1_198' title='bbox 373 2538 470 2618; x_wconf 86' lang='grc' dir='ltr'><strong><em>λόγων</em></strong></span> <span class='ocrx_word' id='word_1_199' title='bbox 496 2558 634 2615; x_wconf 84' lang='lat' dir='ltr'><strong>perverse</strong></span> <span class='ocrx_word' id='word_1_200' title='bbox 663 2539 860 2599; x_wconf 80' lang='lat' dir='ltr'><strong>substitueret</strong></span> <span class='ocrx_word' id='word_1_201' title='bbox 886 2537 1054 2617; x_wconf 89' lang='grc' dir='ltr'><strong><em>μανθάνειν</em></strong></span> <span class='ocrx_word' id='word_1_202' title='bbox 1085 2559 1140 2616; x_wconf 89' lang='lat' dir='ltr'><strong>pro</strong></span> 
     </span>
     <span class='ocr_line' id='line_1_27' title="bbox 118 2626 1141 2712; baseline 0.001 -26"><span class='ocrx_word' id='word_1_203' title='bbox 118 2626 355 2707; x_wconf 85' lang='grc' dir='ltr'><strong><em>μεταλαγχάνειν.</em></strong></span> <span class='ocrx_word' id='word_1_204' title='bbox 399 2628 437 2687; x_wconf 84' lang='lat' dir='ltr'><strong>In</strong></span> <span class='ocrx_word' id='word_1_205' title='bbox 463 2630 627 2688; x_wconf 82' lang='lat' dir='ltr'><strong>retrcoteto</strong></span> <span class='ocrx_word' id='word_1_206' title='bbox 660 2628 799 2688; x_wconf 89' lang='lat' dir='ltr'><strong>chronico</strong></span> <span class='ocrx_word' id='word_1_207' title='bbox 826 2629 946 2712; x_wconf 79' lang='lat' dir='ltr'><strong>scripsit</strong></span> <span class='ocrx_word' id='word_1_208' title='bbox 977 2637 1141 2707; x_wconf 86' lang='grc' dir='ltr'><strong><em>ποιητικῶν</em></strong></span> 
     </span>
     <span class='ocr_line' id='line_1_28' title="bbox 119 2712 1140 2797; baseline 0.001 -21"><span class='ocrx_word' id='word_1_209' title='bbox 119 2714 140 2796; x_wconf 76' lang='grc' dir='ltr'><strong>ἢ</strong></span> <span class='ocrx_word' id='word_1_210' title='bbox 163 2712 372 2797; x_wconf 82' lang='grc' dir='ltr'><strong><em>ῥητορικῶνῆ</em></strong></span> <span class='ocrx_word' id='word_1_211' title='bbox 397 2715 572 2794; x_wconf 81' lang='grc' dir='ltr'><strong><em>φιλοσόφων</em></strong></span> <span class='ocrx_word' id='word_1_212' title='bbox 596 2716 784 2795; x_wconf 87' lang='grc' dir='ltr'><strong><em>μαθημάτων</em></strong></span> <span class='ocrx_word' id='word_1_213' title='bbox 811 2715 1049 2779; x_wconf 83' lang='grc' dir='ltr'><strong><em>έκπαιδεύεσθοιι.</em></strong></span> <span class='ocrx_word' id='word_1_214' title='bbox 1095 2718 1140 2777; x_wconf 76' lang='lat' dir='ltr'><strong>si-</strong></span> 
     </span>
     <span class='ocr_line' id='line_1_29' title="bbox 118 2806 695 2883; baseline -0.003 -18"><span class='ocrx_word' id='word_1_215' title='bbox 118 2808 206 2867; x_wconf 86' lang='lat' dir='ltr'><strong>miles</strong></span> <span class='ocrx_word' id='word_1_216' title='bbox 229 2806 288 2866; x_wconf 89' lang='lat' dir='ltr'><strong>loci</strong></span> <span class='ocrx_word' id='word_1_217' title='bbox 309 2809 429 2882; x_wconf 77' lang='lat' dir='ltr'><strong>praesto</strong></span> <span class='ocrx_word' id='word_1_218' title='bbox 453 2809 523 2867; x_wconf 89' lang='lat' dir='ltr'><strong>sunt</strong></span> <span class='ocrx_word' id='word_1_219' title='bbox 544 2808 695 2883; x_wconf 85' lang='lat' dir='ltr'><strong>permulti.</strong></span> 
     </span>
    </p>

    <p class='ocr_par' dir='ltr' id='par_1_7' title="bbox 118 2894 1141 3418">
     <span class='ocr_line' id='line_1_30' title="bbox 187 2894 1140 2973; baseline -0.001 -19"><span class='ocrx_word' id='word_1_220' title='bbox 187 2894 270 2964; x_wconf 82' lang='lat' dir='ltr'><strong>Ques</strong></span> <span class='ocrx_word' id='word_1_221' title='bbox 294 2913 362 2955; x_wconf 90' lang='lat' dir='ltr'><strong>cum</strong></span> <span class='ocrx_word' id='word_1_222' title='bbox 383 2896 429 2955; x_wconf 84' lang='lat' dir='ltr'><strong>ite</strong></span> <span class='ocrx_word' id='word_1_223' title='bbox 451 2897 513 2957; x_wconf 87' lang='lat' dir='ltr'><strong>sint</strong></span> <span class='ocrx_word' id='word_1_224' title='bbox 533 2896 625 2955; x_wconf 85' lang='lat' dir='ltr'><strong>etiem</strong></span> <span class='ocrx_word' id='word_1_225' title='bbox 642 2896 733 2970; x_wconf 84' lang='lat' dir='ltr'><strong>locos,</strong></span> <span class='ocrx_word' id='word_1_226' title='bbox 756 2915 883 2970; x_wconf 91' lang='lat' dir='ltr'><strong>quorum</strong></span> <span class='ocrx_word' id='word_1_227' title='bbox 905 2897 1004 2957; x_wconf 88' lang='lat' dir='ltr'><strong>fontes</strong></span> <span class='ocrx_word' id='word_1_228' title='bbox 1021 2898 1140 2973; x_wconf 84' lang='lat' dir='ltr'><strong>ignoro·</strong></span> 
     </span>
     <span class='ocr_line' id='line_1_31' title="bbox 118 2983 1140 3062; baseline -0.002 -17"><span class='ocrx_word' id='word_1_229' title='bbox 118 3004 198 3059; x_wconf 85' lang='lat' dir='ltr'><strong>mus,</strong></span> <span class='ocrx_word' id='word_1_230' title='bbox 220 2985 357 3060; x_wconf 84' lang='lat' dir='ltr'><strong>quemvis</strong></span> <span class='ocrx_word' id='word_1_231' title='bbox 380 2986 515 3062; x_wconf 87' lang='lat' dir='ltr'><strong>corrupti</strong></span> <span class='ocrx_word' id='word_1_232' title='bbox 537 3003 600 3045; x_wconf 89' lang='lat' dir='ltr'><strong>esse</strong></span> <span class='ocrx_word' id='word_1_233' title='bbox 623 2985 796 3059; x_wconf 74' lang='lat' dir='ltr'><strong>videantur,</strong></span> <span class='ocrx_word' id='word_1_234' title='bbox 825 2986 928 3061; x_wconf 78' lang='lat' dir='ltr'><strong>qualos</strong></span> <span class='ocrx_word' id='word_1_235' title='bbox 950 2987 982 3044; x_wconf 88' lang='lat' dir='ltr'><strong>in</strong></span> <span class='ocrx_word' id='word_1_236' title='bbox 1005 2983 1140 3061; x_wconf 89' lang='lat' dir='ltr'><strong>pluribus</strong></span> 
     </span>
     <span class='ocr_line' id='line_1_32' title="bbox 118 3073 1141 3151; baseline -0.002 -18"><span class='ocrx_word' id='word_1_237' title='bbox 118 3074 205 3133; x_wconf 87' lang='lat' dir='ltr'><strong>libris</strong></span> <span class='ocrx_word' id='word_1_238' title='bbox 228 3074 376 3150; x_wconf 84' lang='lat' dir='ltr'><strong>imprimis</strong></span> <span class='ocrx_word' id='word_1_239' title='bbox 398 3076 431 3133; x_wconf 91' lang='lat' dir='ltr'><strong>in</strong></span> <span class='ocrx_word' id='word_1_240' title='bbox 448 3074 478 3133; x_wconf 91' lang='lat' dir='ltr'><strong><em>P</em></strong></span> <span class='ocrx_word' id='word_1_241' title='bbox 496 3075 638 3151; x_wconf 89' lang='lat' dir='ltr'><strong>leguntur</strong></span> <span class='ocrx_word' id='word_1_242' title='bbox 660 3074 737 3135; x_wconf 84' lang='lat' dir='ltr'><strong>telos</strong></span> <span class='ocrx_word' id='word_1_243' title='bbox 756 3073 901 3134; x_wconf 82' lang='lat' dir='ltr'><strong>editorem</strong></span> <span class='ocrx_word' id='word_1_244' title='bbox 917 3075 1141 3149; x_wconf 77' lang='lat' dir='ltr'><strong>reprsesentur&#39;e</strong></span> 
     </span>
     <span class='ocr_line' id='line_1_33' title="bbox 119 3162 1141 3239; baseline -0.002 -16"><span class='ocrx_word' id='word_1_245' title='bbox 119 3165 249 3239; x_wconf 81' lang='lat' dir='ltr'><strong>oportet.</strong></span> <span class='ocrx_word' id='word_1_246' title='bbox 286 3162 407 3222; x_wconf 78' lang='lat' dir='ltr'><strong>Etenim</strong></span> <span class='ocrx_word' id='word_1_247' title='bbox 426 3182 502 3239; x_wconf 82' lang='lat' dir='ltr'><strong>quse</strong></span> <span class='ocrx_word' id='word_1_248' title='bbox 520 3163 564 3222; x_wconf 90' lang='lat' dir='ltr'><strong>ibi</strong></span> <span class='ocrx_word' id='word_1_249' title='bbox 583 3166 699 3223; x_wconf 77' lang='lat' dir='ltr'><strong>exstare</strong></span> <span class='ocrx_word' id='word_1_250' title='bbox 717 3163 858 3223; x_wconf 86' lang='lat' dir='ltr'><strong>videntur</strong></span> <span class='ocrx_word' id='word_1_251' title='bbox 875 3162 1062 3239; x_wconf 75' lang='lat' dir='ltr'><strong>corruptelae</strong></span> <span class='ocrx_word' id='word_1_252' title='bbox 1080 3180 1141 3221; x_wconf 88' lang='lat' dir='ltr'><strong>non</strong></span> 
     </span>
     <span class='ocr_line' id='line_1_34' title="bbox 119 3250 1141 3331; baseline -0.002 -20"><span class='ocrx_word' id='word_1_253' title='bbox 119 3252 314 3313; x_wconf 81' lang='lat' dir='ltr'><strong>librariorum</strong></span> <span class='ocrx_word' id='word_1_254' title='bbox 328 3251 472 3311; x_wconf 86' lang='lat' dir='ltr'><strong>debentur</strong></span> <span class='ocrx_word' id='word_1_255' title='bbox 490 3253 707 3331; x_wconf 77' lang='lat' dir='ltr'><strong>neglegentiae,</strong></span> <span class='ocrx_word' id='word_1_256' title='bbox 726 3253 779 3313; x_wconf 84' lang='lat' dir='ltr'><strong>sed</strong></span> <span class='ocrx_word' id='word_1_257' title='bbox 795 3252 890 3330; x_wconf 88' lang='lat' dir='ltr'><strong>ipsius</strong></span> <span class='ocrx_word' id='word_1_258' title='bbox 904 3250 1026 3328; x_wconf 80' lang='lat' dir='ltr'><strong>Georgii</strong></span> <span class='ocrx_word' id='word_1_259' title='bbox 1044 3268 1141 3311; x_wconf 88' lang='lat' dir='ltr'><strong>socor-</strong></span> 
     </span>
     <span class='ocr_line' id='line_1_35' title="bbox 119 3340 506 3418; baseline -0.003 -17"><span class='ocrx_word' id='word_1_260' title='bbox 119 3342 189 3402; x_wconf 68' lang='grc' dir='ltr'><strong><em>δίου</em></strong></span> <span class='ocrx_word' id='word_1_261' title='bbox 212 3343 303 3417; x_wconf 84' lang='lat' dir='ltr'><strong>etque</strong></span> <span class='ocrx_word' id='word_1_262' title='bbox 326 3340 506 3418; x_wconf 86' lang='lat' dir='ltr'><strong>stupiditsti.</strong></span> 
     </span>
    </p>

    <p class='ocr_par' dir='ltr' id='par_1_8' title="bbox 121 3430 1142 3687">
     <span class='ocr_line' id='line_1_36' title="bbox 188 3430 1141 3491; baseline 0.001 -3"><span class='ocrx_word' id='word_1_263' title='bbox 188 3430 314 3489; x_wconf 84' lang='lat' dir='ltr'><strong>Praetor</strong></span> <span class='ocrx_word' id='word_1_264' title='bbox 335 3430 432 3490; x_wconf 87' lang='lat' dir='ltr'><strong>fontes</strong></span> <span class='ocrx_word' id='word_1_265' title='bbox 451 3431 612 3491; x_wconf 80' lang='lat' dir='ltr'><strong>Murcltius</strong></span> <span class='ocrx_word' id='word_1_266' title='bbox 635 3430 674 3489; x_wconf 82' lang='lat' dir='ltr'><strong>sd</strong></span> <span class='ocrx_word' id='word_1_267' title='bbox 690 3430 910 3491; x_wconf 82' lang='lat' dir='ltr'><strong>restituendum</strong></span> <span class='ocrx_word' id='word_1_268' title='bbox 931 3430 1048 3489; x_wconf 87' lang='lat' dir='ltr'><strong>textum</strong></span> <span class='ocrx_word' id='word_1_269' title='bbox 1069 3448 1141 3489; x_wconf 89' lang='lat' dir='ltr'><strong>usus</strong></span> 
     </span>
     <span class='ocr_line' id='line_1_37' title="bbox 122 3517 1141 3597; baseline -0.004 -16"><span class='ocrx_word' id='word_1_270' title='bbox 122 3524 169 3581; x_wconf 88' lang='lat' dir='ltr'><strong>est</strong></span> <span class='ocrx_word' id='word_1_271' title='bbox 196 3522 226 3580; x_wconf 91' lang='lat' dir='ltr'><strong>et</strong></span> <span class='ocrx_word' id='word_1_272' title='bbox 252 3519 438 3579; x_wconf 86' lang='lat' dir='ltr'><strong>versionibus</strong></span> <span class='ocrx_word' id='word_1_273' title='bbox 465 3520 694 3597; x_wconf 82' lang='lat' dir='ltr'><strong>pslccoslevicis</strong></span> <span class='ocrx_word' id='word_1_274' title='bbox 721 3523 753 3579; x_wconf 86' lang='lat' dir='ltr'><strong>ct</strong></span> <span class='ocrx_word' id='word_1_275' title='bbox 777 3521 976 3595; x_wconf 80' lang='lat' dir='ltr'><strong>posteriorum</strong></span> <span class='ocrx_word' id='word_1_276' title='bbox 1002 3517 1141 3595; x_wconf 88' lang='lat' dir='ltr'><strong>operibus</strong></span> 
     </span>
     <span class='ocr_line' id='line_1_38' title="bbox 121 3608 1142 3687; baseline -0.006 -18"><span class='ocrx_word' id='word_1_277' title='bbox 121 3608 425 3687; x_wconf 75' lang='lat' dir='ltr'><strong>chronographorum.</strong></span> <span class='ocrx_word' id='word_1_278' title='bbox 466 3610 568 3686; x_wconf 85' lang='lat' dir='ltr'><strong>Atque</strong></span> <span class='ocrx_word' id='word_1_279' title='bbox 591 3610 736 3670; x_wconf 82' lang='lat' dir='ltr'><strong>slevicem</strong></span> <span class='ocrx_word' id='word_1_280' title='bbox 758 3609 894 3685; x_wconf 80' lang='lat' dir='ltr'><strong>linguam</strong></span> <span class='ocrx_word' id='word_1_281' title='bbox 916 3626 985 3667; x_wconf 89' lang='lat' dir='ltr'><strong>cum</strong></span> <span class='ocrx_word' id='word_1_282' title='bbox 1006 3608 1142 3665; x_wconf 83' lang='lat' dir='ltr'><strong>noverim</strong></span> 
     </span>
    </p>
   </div>
   <div class='ocr_carea' id='block_1_7' title="bbox 0 0 1324 3909">
    <p class='ocr_par' dir='ltr' id='par_1_9' title="bbox 0 0 1324 3909">
     <span class='ocr_line' id='line_1_39' title="bbox 0 0 1324 3909; baseline 0 0"><span class='ocrx_word' id='word_1_283' title='bbox 0 0 1324 3909; x_wconf 95' lang='lat' dir='ltr'><strong> </strong></span> 
     </span>
    </p>
   </div>
  </div>
 </body>
</html>
