2617 3909
542 233 744 285 Panarnrlo
1036 230 1156 287 ¹XXVII

126 390 305 461 pererrante
333 375 377 462 (p.
401 384 479 457 489,
505 375 562 463 21)
587 386 762 459 annotatur,
789 384 822 443 in
845 384 1037 461 folie‘quod-
1044 388 1150 461 postea

126 472 290 547 intercidit,
313 472 462 531 exhibitus
485 472 585 531 nient
627 473 696 531 Non
716 475 814 550 magis
837 476 946 533 scimus
968 475 1001 533 in
1024 475 1149 554 imperio

125 562 284 621 Michaelis
307 561 354 619 ΠΙ
376 560 465 620 finem
488 562 628 621 habuerIt
651 561 756 635 codex,
779 580 819 621 an
844 580 935 639 super
955 562 1033 622 illud
1055 566 1149 623 conti-

124 654 239 709 nuatus
265 652 364 709 fuerit.
415 648 525 710 Textus
554 650 693 710 omnibns
725 647 813 711 nehus
845 670 913 711 cum
942 652 969 713 0
994 656 1149 713 consentit.

127 739 224 799 Cento
243 739 279 798 de
294 738 719 818 Cappadocibuscompilatus
738 738 834 815 deest,
851 743 941 801 notae
960 742 1149 820 marginales,

122 846 205 905 quae
229 828 349 905 imperii
371 828 459 889 initia
481 829 616 904 tradunt,
638 829 737 888 verbis
755 826 830 909 ἁρχὴ
853 838 907 909 τῆς
928 830 1078 909 βασιλείας
1091 839 1149 891 τοῦ

122 918 212 977 δεῖνα
234 936 389 994 expressae
408 920 484 977 sunt.
527 916 594 977 AB
616 923 646 977 et
671 918 731 978 OD
753 919 805 978 ubi
827 920 998 995 discrepant
1016 939 1084 979 cum
1101 922 1149 979 hie

124 1006 239 1083 ubique
256 1008 319 1065 fere
337 1007 370 1065 E
391 1010 548 1067 consentit.
589 1007 625 1065 Iu
639 1027 762 1083 'quoque
781 1009 981 1068 animadverti
998 1010 1098 1087 velim,
1116 1005 1149 1067 in

124 1096 204 1155 libro
228 1096 382 1156 Patmiaco
405 1098 534 1156 inueniri
561 1100 648 1158 notas
672 1098 833 1156 nonnullas
854 1098 1045 1175 marginales
1072 1095 1148 1175 quae

123 1187 247 1263 praeter
274 1179 342 1244 eum
364 1187 397 1244 in
425 1186 495 1245 solo
510 1186 727 1261 Laurentiano,
755 1203 844 1262 quem
869 1186 950 1247 infra
972 1187 1149 1262 demnbem,

125 1276 260 1349 exstant,
276 1275 378 1334 'veluti
401 1294 429 1352 p.
448 1277 578 1353 744,19
604 1272 671 1355 περὶ
693 1283 747 1353 τῆς
768 1283 828 1335 τῶν
848 1269 1022 1355 Ἀγοιρηνῶν
1044 1274 1148 1355 ἒοιιδηὑ

124 1364 197 1441 μίας
219 1360 252 1423 ἐν
274 1362 598 1441 Κωνστοενοινοοπόλει,
623 1384 651 1440 p.
674 1366 747 1439 746,
769 1368 787 1424 7
810 1362 877 1443 περὶ
899 1364 1045 1425 πλουσίου
1067 1364 1148 1437 τινος

119 1452 244 1531 ἔχοντος
267 1450 299 1511 τὸ
318 1451 419 1525 πάθος
441 1460 495 1529 τῆς
512 1452 653 1533 πορνείας
671 1451 837 1530 αἰφνήδιοο
859 1450 893 1513 δὲ
914 1452 1147 1531 τελευτήσαντος.

123 1543 231 1618 Neque
253 1545 356 1601 tamen
378 1545 448 1601 sunt
472 1544 504 1601 iu
526 1543 559 1601 E
580 1544 671 1603 sicuti
696 1544 729 1601 in
751 1542 955 1603 Laurentiano
984 1544 1044 1604 loci
1066 1543 1148 1603 aucti

123 1632 275 1691 contracti
301 1633 459 1691 retractati
485 1633 642 1691 innumeri.
691 1630 765 1691 cum
794 1634 891 1710 igitur
918 1632 956 1692 ab
983 1634 1147 1709 interpola·

122 1721 257 1780 tionibus
276 1723 307 1779 et
324 1719 543 1781 mutationibus
568 1712 735 1780 arbitrariis
752 1740 873 1797 prorsus
896 1722 973 1780 liber
991 1724 1040 1796 sit,
1063 1724 1148 1798 sequi

123 1810 253 1883 videtur,
277 1828 344 1869 eum
367 1810 466 1869 codice
484 1812 603 1869 tantum
621 1810 1003 1888 Laurentiamarchetypo
1025 1814 1147 1889 propin-

125 1918 219 1976 quam
234 1894 261 1957 ei
275 1901 484 1977 cognationem
499 1899 712 1959 intercessisse:
747 1891 888 1959 (lodicem
898 1899 1037 1960 Bidezius
1055 1900 1148 1961 refert
1168 1954 1170 1960 .

123 1988 353 2066 diligentissime
381 2006 443 2049 esse
467 1990 625 2064 scriptum,
652 2006 803 2065 perpauca
830 1990 939 2049 habere
962 1989 1147 2066 compendia,

122 2078 162 2136 ab
185 2077 418 2155 orthographiae
435 2078 552 2155 legibue
570 2078 701 2137 multum
720 2078 885 2137 abhorrere.
922 2078 968 2137 De
987 2074 1147 2139 collatione

122 2168 170 2225 vir
187 2167 241 2225 ille
256 2166 443 2227 doctissimus
462 2186 579 2226 mecum
595 2185 664 2226 cum
679 2168 741 2225 alia
756 2162 956 2226 communicat
974 2170 1040 2227 tum
1058 2167 1144 2226 haec:

118 2255 228 2331 „Getta
253 2255 395 2315 collation
418 2274 498 2316 asser
521 2257 630 2335 longus
654 2275 672 2315 a
695 2255 736 2315 dt
754 2256 816 2315 tetre
839 2251 941 2315 mente
959 2256 1147 2333 rapidement

124 2365 167 2404 vu
190 2346 219 2403 le
242 2347 339 2421 temps
358 2346 432 2404 dont
454 2364 528 2405 nous
547 2345 731 2421 disposions3¹
752 2346 788 2404 de
806 2338 836 2403 a
853 2347 938 2404 vient
960 2346 988 2405 le
1006 2340 1145 2407 dtsordre

118 2424 198 2494 dans
222 2434 321 2509 lequel
344 2434 386 2493 les
410 2437 495 2494 notes
518 2453 549 2493 se
567 2426 718 2508 trouvent,
740 2438 772 2494 et
790 2436 820 2493 la
838 2434 907 2493 here
926 2454 998 2495 avec
1016 2436 1146 2511 laquelle

121 2524 195 2583 elles
220 2527 274 2581 ont
296 2516 343 2582 e'te
366 2525 469 2599 prisea.
511 2524 592 2583 Pour
614 2524 645 2583 la
663 2520 758 2583 mtm'e
775 2525 878 2584 raison
900 2527 978 2583 cette
1002 2527 1146 2585 collation

122 2613 172 2671 n’a
195 2631 250 2689 pas
275 2606 321 2671 tte
340 2632 437 2671 revue.
475 2612 531 2672 Les
551 2614 673 2688 simplas
686 2614 785 2673 fautes
804 2607 1035 2692 d'orthographe
1055 2607 1145 2696 (Iota-

121 2704 237 2775 cismes,
257 2724 288 2759 ιοι
303 2726 345 2749 =
359 2722 382 2776 e,
396 2720 559 2761 consonnes
572 2696 715 2779 re'pe'ttes,
729 2703 853 2780 longues
866 2722 944 2780 pour
956 2698 1060 2763 brtves
1075 2697 1153 2784 ete.)-

121 2791 207 2851 n'ont
229 2807 284 2866 pas
308 2785 355 2849 att
373 2785 476 2851 nottes
500 2786 807 2867 systtmatiquement,
829 2793 872 2851 les
886 2792 989 2853 ·fautes
1008 2793 1145 2869 d'esprits

121 2884 153 2939 et
180 2881 224 2939 les
254 2880 406 2939 variantes
439 2881 678 2940 d'accentuation
707 2880 790 2940 n’ont
821 2899 875 2957 pas
895 2875 955 2941 'etti
988 2902 1047 2942 non
1076 2884 1144 2959 plus

119 2963 280 3027 relentesf‘
307 2968 478 3029 Lectionem
497 2972 599 3029 autem
617 2970 695 3029 falso
713 2989 777 3029 esse
796 2974 973 3030 annotatam
994 2973 1060 3048 ipse
1078 2991 1144 3047 per·

119 3077 215 3135 quam
238 3070 307 3117 'raro
331 3061 498 3135 suspicatus
522 3054 596 3118 sum.

190 3140 454 3209 Vindobonensis
472 3142 554 3209 llist.
574 3142 687 3210 Graec.
707 3139 747 3209 ti
772 3141 832 3229 (F)
857 3151 930 3207 olim
952 3149 1056 3225 suppl.
1080 3152 1142 3210 109

121 3240 153 3296 et
177 3236 283 3312 Suppl.
309 3239 386 3311 103,
420 3258 438 3297 a
464 3237 609 3297 Muraltio
642 3239 869 3315 praetermissus
900 3243 958 3312 est,
993 3242 1050 3298 etei
1082 3242 1145 3298 iam

121 3325 264 3385 Kollarus
285 3318 404 3407 (Suppl.
428 3327 466 3386 ad
484 3326 637 3386 Lambecii
655 3330 846 3387 commentar.
869 3347 898 3403 p.
919 3319 998 3407 655)
1022 3326 1145 3406 Georgii

116 3415 283 3475 chronicon
302 3432 337 3473 co
352 3417 498 3475 contineri
515 3419 594 3475 recte
613 3419 905 3476 commemoraverat.
942 3416 1143 3493 Bombycinus

121 3508 168 3564 est
186 3504 299 3564 saeculi
313 3504 388 3563 XIII
405 3506 547 3564 foliorum
563 3508 624 3565 219
646 3496 720 3585 (non
740 3512 775 3564 ut
788 3504 928 3563 Kollarus
947 3506 1039 3564 refert
1054 3498 1142 3582 229),

115 3592 272 3671 nugariae
291 3594 475 3655 Busbechius
497 3589 565 3654 eum
584 3594 732 3670 Byzantio
751 3592 960 3651 vindobonam
978 3589 1141 3651 transtulit.
