2617 3909
178 237 244 302 370
488 238 675 290 Γιτιεειυοτ
692 237 875 289 Μοαεκου

175 388 203 450 εἰ
225 384 256 448 δὲ
275 390 414 467 Μωϋσής
436 384 486 446 καί
509 387 541 448 οἰ
561 384 643 447 όλλοι
666 395 817 466 προφῆται
839 385 871 446 ἐκ
893 393 946 464 τής
968 393 1022 446 τοῦ
1046 389 1126 444 θεοῦ
1145 384 1200 464 χό-

175 509 255 568 ριτος
281 483 316 546 τὰ
344 482 485 563 μέλλοντα
511 486 745 567 προεγίνωσκον,
774 493 837 557 πῶς
864 482 958 557 ,αὐτὸς
986 481 1002 545 δ
1029 482 1063 545 ἐν
1092 480 1199 556 αὐτοῖς

175 584 304 662 λαλήσας
331 584 403 657 θεὸς
430 583 467 644 οδ
494 583 689 665 προγινώσκει
712 581 747 642 τὰ
769 581 907 660 ἐσόμενα;
935 581 1007 642 ὥστε
1030 572 1087 642 οὖν
1112 581 1198 641 σι’κο-

176 691 306 761 νομικῶς
327 683 440 762 εἴρηται
463 680 508 742 τό·
532 679 721 760 ἐνεθυμήθη,
744 674 823 742 τοῦτ’
844 679 904 742 έστι
924 679 1121 760 μετεμελήθη,
1144 678 1198 739 καί

150 803 163 842 ε
177 781 222 842 τό·
245 778 375 858 καταβὰς
394 778 519 858 όψομαι,
537 777 587 840 καὶ
601 777 655 857 μέν
669 801 701 859 γε
714 776 764 839 καί
778 777 822 838 τό·
842 777 970 858 ἐπελραζε
984 777 1037 838 τὸν
1048 771 1197 858 Ἁβραάμ,
1282 789 1283 802 ’

176 877 226 939 καί
244 877 289 939 τό·
313 875 492 959 ῶσφρόνθη,
511 875 561 938 καί
580 876 635 937 ὅσα
652 885 774 938 τοιαῦτα
792 878 1050 956 συγκαταβατικῶς
1069 873 1121 936 διὰ
1138 875 1198 953 τήν

176 973 320 1058 ἡμετέραν
342 973 502 1036 ἀσθένειαν
523 973 660 1036 λέλεκται.
706 973 768 1035 ἐπεὶ
791 974 835 1035 ότι
857 996 889 1054 γε
907 979 1026 1034 θυσιῶν
1049 973 1106 1034 οὐκ
1130 969 1197 1052 όρέ-
1282 965 1283 1024 j

176 1096 257 1155 γεται
280 1072 330 1134 διὰ
352 1082 405 1134 τοῦ
428 1072 586 1154 προφήτου
609 1070 709 1132 Δαυὶδ
731 1070 911 1150 δπεμφαίνει
933 1069 1038 1153 λέγων·
1067 1071 1110 1150 μή
1134 1072 1196 1148 φά-
1282 1061 1283 1064 ¹

177 1194 266 1253 γομαι
285 1170 355 1252 κρέα
372 1171 503 1253 ταύρων,
522 1168 543 1250 ή
562 1164 634 1248 αἰμα
652 1169 767 1252 τράγων
783 1171 902 1248 πίομαι;
922 1170 996 1231 ὅθεν
1014 1169 1031 1232 δ
1050 1169 1080 1244 ἐξ
1100 1169 1196 1230 αὐτοῦ

138 1293 165 1332 ιο
178 1269 236 1350 πρὸ
258 1279 318 1332 τῶν
340 1269 459 1331 αἰώνων
481 1267 640 1349 γεννηθείς
662 1267 712 1328 καί
734 1261 781 1329 ἐπ’
803 1267 930 1348 ἐσχάτων
953 1267 985 1330 ἐκ
1002 1277 1056 1348 τής
1078 1267 1197 1350 παρθέ-

177 1390 233 1429 νου
262 1366 313 1428 διὰ
338 1367 394 1446 τήν
418 1363 561 1448 ήμετέραν
584 1367 731 1446 σωτηρίαν
754 1365 867 1446 τεχθεὶς
888 1376 980 1428 ταῦτα
1001 1366 1052 1429 καί
1074 1366 1111 1427 τὰ
1134 1389 1197 1428 τοι-

177 1475 253 1527 αῦτα
281 1464 378 1547 ῶσπερ
406 1464 606 1545 διερμηνεόων
633 1469 695 1536 τοῖς
722 1462 898 1545 ἀγνοοῦσιν,
928 1465 972 1526 ότι
1000 1461 1016 1525 δ
1043 1465 1117 1538 θεὸς
1145 1465 1197 1527 καὶ

177 1562 274 1642 πατήρ
296 1562 392 1623 πάντα
414 1561 622 1643 προγινώσκει,
650 1561 757 1643 ἔλεγεν·
786 1556 847 1624 οἰδε
870 1562 925 1644 γδιρ
948 1562 964 1624 ό
987 1563 1084 1645 πατήρ
1108 1562 1197 1642 ὑμῶν

179 1657 195 1720 δ
224 1659 363 1739 οόρόνιος
390 1659 435 1721 ότι
461 1657 577 1744 χρήζετε
603 1660 717 1722 τούτων
745 1661 865 1722 πάντων
892 1660 963 1743 πρὶν
991 1660 1083 1722 αὐτὸν
1112 1662 1196 1740 αἰτή·
1282 1701 1283 1734 χ

139 1781 166 1822 ιι
180 1762 283 1835 σησθε.
328 1755 378 1817 καὶ
400 1762 462 1830 τοῖς
483 1759 656 1836 νομίζουσιν
679 1757 723 1818 ὅτι
746 1757 787 1837 μή
810 1759 906 1819 πάντα
929 1757 1028 1839 βλέπει
1050 1758 1195 1836 ἔφασκεν·
1282 1751 1283 1766 ’

178 1854 377 1936 προσεύχεσθε
405 1854 437 1916 ἐν
464 1862 504 1940 τῷ
528 1862 663 1938 κρυπτῷ,
692 1855 742 1916 καί
770 1851 786 1915 δ
808 1856 904 1938 πατήρ
927 1855 1013 1935 ὑμῶν
1036 1853 1052 1916 δ
1076 1855 1196 1936 βλέπων

179 1952 211 2015 έν
234 1958 273 2036 τῷ
292 1959 410 2036 κρυπτῷ
430 1950 579 2014 ἀποδώσει
606 1953 639 2014 έν
661 1960 701 2037 τῷ
722 1961 844 2038 φανερῷ
889 1953 939 2014 καί
961 1959 1023 2028 τοῖς
1045 1954 1198 2033 οἰομένοις

180 2051 272 2113 αὐτὸν
294 2051 335 2130 μή
359 2049 477 2133 ἀγαθὸν
499 2046 575 2113 εἰναι
598 2049 754 2130 ἐπέπληττε
776 2050 881 2133 λέγων·
905 2053 932 2112 εἰ
954 2044 1009 2114 οὖν
1032 2051 1118 2130 ὑμεῖς
1142 2075 1197 2114 πο-

180 2149 267 2230 νηροὶ
299 2147 380 2222 όντες
417 2149 514 2210 οἴδατε
552 2149 665 2227 δόματα
701 2147 802 2230 διγαθδι
835 2149 952 2211 διδόναι
985 2155 1046 2223 τοῖς
1081 2150 1197 2224 τέκνοις
1281 2193 1282 2202 ¹

140 2272 167 2312 νο
182 2247 277 2328 ὑμῶν,
299 2247 381 2331 πόσῳ
404 2252 514 2327 μᾶλλον
533 2245 549 2309 δ
568 2246 664 2326 πατήρ
683 2245 767 2325 ὑμῶν
786 2245 802 2309 δ
822 2247 960 2327 οὐράνιος
983 2248 1071 2308 δόσει
1093 2246 1198 2329 ἀγαθὰ

181 2351 244 2418 τοῖς
266 2345 399 2406 αἰτοῦσιν
422 2343 522 2406 αὐτόν.
563 2343 698 2418 καὶτοῖς
721 2345 861 2406 δοκοῦσιν
884 2344 974 2406 αὐτὸν
992 2352 1111 2407 θυσιῶν
1132 2344 1196 2428 ὀρέ-

181 2449 287 2524 γεσθαι
311 2442 513 2523 διηγόρευσεν·
538 2438 554 2502 δ
577 2442 648 2515 θεὸς
672 2442 750 2515 ἔλεος
768 2441 848 2504 θέλει
866 2441 916 2503 καὶ
934 2443 971 2505 οὐ
989 2445 1108 2517 θυσίας.
1147 2444 1197 2506 καὶ
1280 2525 1281 2528 ¹

254 2645 270 2692 8
293 2639 394 2693 Psalm.
409 2645 443 2693 49
459 2642 528 2710 (το),
543 2645 584 2694 13.
604 2671 638 2680 -
656 2645 743 2710 9-9.
760 2645 824 2707 οτι,
840 2645 855 2692 9
871 2638 954 2694 clem.
970 2641 986 2694 ι.
1001 2642 1017 2695 ι.
1032 2657 1072 2709 cp.
1090 2647 1197 2696 τε-ττ
1280 2595 1281 2606 ¹

182 2711 278 2780 Migne
302 2715 353 2763 148
363 2710 395 2763 Α.
419 2742 455 2750 —
479 2717 511 2764 13
535 2711 635 2765 Matth.
657 2715 685 2778 6,
705 2717 734 2778 8;
754 2717 796 2765 32.
820 2743 855 2751 -
884 2717 916 2765 16
940 2711 1040 2766 Matth.
1060 2717 1091 2778 6,
1111 2719 1136 2767 6.
1162 2745 1196 2753 -

184 2787 217 2836 18
235 2781 336 2835 Μιιιιι.
353 2787 377 2847 τ,
393 2786 434 2834 11.
454 2814 488 2822 -
507 2788 541 2835 νε
560 2781 662 2836 Μιιυι.
678 2761 702 2849 ἰ,
718 2787 764 2848 ιο;
780 2789 821 2849 ιε,
838 2788 861 2837 ι.
881 2815 915 2823 -
933 2783 998 2836 Luc.
1014 2788 1039 2851 ο,
1054 2789 1098 2837 36.

256 2957 270 3004 1
290 2949 379 3021 ἄλλοι]
402 2951 495 3004 λοιποί
513 2951 547 3006 N.
572 2983 607 2992 —
630 2957 646 3004 3
666 2949 794 3023 ἐσόμενα]
819 2949 951 3020 μέλλοντα
970 2951 1026 3005 RV.
1052 2983 1087 2991 —
1111 2959 1128 3006 6
1152 2952 1197 3008 ὀσ-

184 3020 303 3092 φράνθη
322 3021 400 3075 ABF.
425 3053 458 3061 -
483 3029 498 3075 9
519 3022 533 3076 ὁ
552 3039 603 3077 om.
617 3022 676 3076 BM
693 3040 748 3091 εμν.
767 3039 791 3077 υ.
810 3023 835 3075 D
854 3040 888 3076 m.
907 3027 926 3077 2
943 3030 975 3078 ut
992 3023 1064 3090 οἰός
1084 3032 1150 3092 φρει
1169 3025 1197 3088 ἐξ

184 3094 272 3147 αότοῶ
290 3095 342 3146 im.
361 3092 394 3146 R..
414 3125 447 3133 -
469 3099 501 3147 13
520 3093 598 3163 ήμῶν
616 3095 672 3147 ΑΒ.
693 3125 725 3133 -
751 3100 784 3148 14
802 3093 917 3148 πάντων
935 3092 1036 3148 BOEP
1059 3093 1196 3149 ἁπάντων

184 3164 315 3218 AFNRV
323 3163 424 3218 Matth.
449 3197 482 3205 -
506 3164 684 3232 αἰτήσεισθαι
702 3165 728 3217 Α
750 3164 943 3232 αἰτήσασθεΒ
967 3164 1142 3232 αἰτήσασθαι
1160 3155 1195 3219 N.

185 3267 219 3275 —
240 3241 271 3289 17
287 3233 378 3290 καίτοι
393 3243 470 3306 (συντ.
485 3254 519 3290 m.
533 3241 553 3290 2
566 3239 598 3290 ιίι
611 3237 647 3305 D)
662 3236 733 3304 οἰομ.
748 3237 835 3290 αὐτὸν
849 3237 962 3306 ἀγαθὸν
977 3232 1051 3291 εἰναι
1065 3239 1197 3308 οὐδαμῶς

186 3305 390 3430 ἐτμέπλὸξιίχ-
419 3312 453 3360 20
476 3307 567 3376 πατὴρ
591 3307 670 3376 ήμῶν
693 3305 749 3360 ΒΟ.
774 3339 809 3347 -
833 3313 866 3360 22
890 3308 966 3363 έλεου
989 3307 1053 3362 NR.
1083 3341 1118 3349 -
1141 3313 1196 3363 θυ-

187 3392 251 3429 σαν
348 3420 353 3430 .

259 3548 274 3594 2
297 3541 504 3612 προεγίνωσκον
544 3543 715 3609 προήδεισαν
737 3546 766 3598 Ρ.
795 3578 830 3586 -
858 3553 874 3599 4
898 3547 1080 3616 ἐνεθυμήθην
1103 3548 1134 3602 Ρ.
1162 3581 1195 3588 -

189 3616 222 3663 22
242 3611 405 3683 διηγόρευεν
422 3619 454 3666 αἰ
495 3612 570 3665 ‘.P.
