2617 3909
164 226 266 276 LXXII
567 224 769 275 PRAEFATIO

164 373 310 449 fontibus,
342 376 374 431 in
408 392 466 449 quo
498 374 627 432 feliciter
660 372 821 449 contingit,
853 375 889 431 ut
918 372 1054 449 plerique
1086 374 1186 435 adhuc

164 465 321 540 supersint,
363 462 426 522 Hos
447 464 542 539 igitur
565 462 726 539 diligenter
748 461 851 519 studui
873 462 1055 539 investigare
1078 466 1110 521 et
1131 483 1184 538 pe·
1304 495 1305 542 3

164 553 271 613 culiari
298 552 507 611 dissertatione
538 551 574 611 de
600 550 639 609 iis
669 550 821 609 disseram.
868 551 911 609 At
938 549 1084 628 Georgius
1113 570 1186 611 raro

163 644 342 718 scriptorum
360 640 490 715 nomine,
508 641 660 700 rarissime
678 641 813 716 ipsorum
831 640 976 699 librorum
993 640 1099 700 titulos
1117 642 1184 699 lau·

163 731 255 791 davit.
292 730 417 789 Accedit
439 729 520 806 quod
539 730 690 806 plerisque
714 730 893 805 scriptorum
916 730 1185 789 ecelesiasticorum

162 818 343 878 editionibus
371 820 425 877 aut
446 819 523 876 nulli
545 819 659 877 indices
682 818 792 877 adiecti
814 820 876 878 sint
900 823 955 878 aut
976 820 1058 877 mali.
1105 820 1185 889 Quid

161 910 256 985 igitur
282 908 392 967 mirum
420 908 500 983 quod
527 926 596 986 ego,
623 909 800 983 praesertim
827 910 881 984 qui
902 910 936 967 in
957 908 1069 967 litteris
1092 910 1184 968 11111-

163 998 291 1057 siasticis
313 1016 421 1073 parum
444 1000 580 1057 versatus
604 998 669 1071 sim,
691 997 856 1055 multorum
876 998 1010 1056 locorum
1031 1017 1092 1056 non
1115 1017 1184 1074 per·
1304 979 1305 1058 Ῐ

161 1087 245 1163 speri
263 1088 417 1165 originem.
453 1086 550 1145 Multo
570 1089 672 1145 autem
693 1086 762 1161 plus
780 1087 813 1144 in
830 1086 888 1145 hac
904 1104 937 1145 re
954 1086 1068 1162 profeci
1091 1105 1183 1161 quam
1304 1153 1305 1156 Ἴ

161 1174 332 1251 Muraltius,
356 1178 409 1252 qui
432 1175 553 1251 quidem
575 1176 752 1252 plerumque
775 1177 848 1235 satis
868 1175 975 1235 habuit
998 1176 1184 1236 examinasse

161 1266 272 1341 fontes,
299 1265 353 1324 ubi
380 1266 540 1341 scriptores
564 1264 710 1342 Georgius
737 1264 856 1339 laudat,
882 1284 979 1349 neque
1005 1264 1038 1323 id
1065 1283 1184 1342 semper

160 1356 296 1414 feliciter.
332 1354 486 1431 Imprimis
503 1373 600 1431 pauca
618 1356 738 1413 tantum
761 1372 849 1430 saepe
868 1354 963 1413 credit
983 1356 1183 1430 exscriptore

161 1444 264 1519 aliquo
288 1446 426 1519 excerpta
449 1461 521 1518 esse,
543 1441 596 1501 ubi
619 1462 651 1501 re
670 1462 743 1501 vera
765 1443 849 1521 longi
866 1446 1005 1503 centones
1026 1444 1183 1520 compilati
1304 1489 1305 1508 .

160 1534 238 1592 sunt.
276 1532 381 1592 Veluti
402 1553 432 1608 p.
453 1532 505 1605 58,
521 1533 538 1591 6
558 1532 719 1591 Athanasii
743 1534 848 1591 eontra
865 1534 969 1610 gentes
987 1532 1098 1591 librum
1116 1534 1182 1593 lau·

160 1621 228 1681 dari
249 1623 328 1680 recte
351 1623 467 1695 monet,
496 1621 548 1681 sed
573 1639 669 1697 usque
693 1621 731 1679 ad
753 1641 783 1697 p.
803 1621 859 1697 58,
879 1624 920 1681 22
944 1623 1063 1680 tanturn
1087 1623 1183 1682 credit

160 1712 260 1770 locum
276 1709 364 1769 illum
381 1711 539 1787 pertinere.
571 1709 678 1786 Neque
697 1711 776 1769 enim
793 1710 845 1769 1111
863 1711 942 1770 vidit
958 1711 1028 1770 inde
1047 1730 1066 1770 a
1082 1732 1112 1787 p.
1129 1713 1182 1788 58,
1304 1757 1305 1768 .

162 1801 202 1858 22
232 1800 326 1858 alium
354 1799 486 1859 eiusdem
514 1799 584 1858 libri
611 1799 712 1858 locum
738 1799 870 1875 laudari,
902 1802 989 1875 sequi
1015 1818 1109 1875 usque
1141 1800 1181 1859 ad

159 1908 188 1965 p.
210 1890 261 1963 73,
279 1891 318 1948 21
347 1889 510 1975 epitomem
533 1907 568 1947 111
591 1888 685 1949 variis
707 1888 790 1947 illius
812 1890 884 1948 libri
906 1889 1045 1949 frustulis
1068 1891 1181 1966 compi·
1304 1919 1305 1922 =

159 1978 262 2037 latam.
299 1978 368 2037 Non
387 1977 476 2037 111111
489 1977 671 2037 Theodoreti
685 1976 866 2037 Graecarum
884 1979 1076 2038 affectionum
1094 1998 1179 2039 ours-
1304 2003 1305 2006 ¹

158 2069 272 2127 tionem
290 2087 383 2144 usque
403 2067 441 2127 ad
458 2088 487 2143 p.
510 2068 560 2142 74,
576 2068 594 2126 6
614 2067 736 2126 laudari
752 2068 833 2126 recte
848 2067 1010 2127 Muraltius
1028 2071 1180 2146 cognovit

159 2175 219 2217 non
247 2158 388 2234 cognovit
414 2158 588 2216 universum
615 2157 678 2215 fere
704 2156 806 2217 locum
832 2175 926 2233 usque
949 2157 1039 2234 adp.
1061 2160 1116 2232 92,
1138 2160 1180 2218 10

160 2266 195 2304 ex
218 2246 321 2305 eodem
343 2246 421 2305 libro
444 2246 571 2306 fluxisse.
612 2244 728 2304 Deinde
751 2264 848 2321 neque
871 2266 926 2323 ego
950 2265 1045 2322 neque
1067 2247 1120 2305 ille
1144 2267 1180 2306 111

160 2354 219 2410 quo
240 2333 445 2411 Chrysostomi
463 2334 541 2394 libro
564 2334 646 2395 locus
667 2356 696 2411 p.
716 2336 791 2409 405,
807 2336 900 2412 9sqq.
919 2336 1039 2395 fluxerit
1055 2336 1180 2395 investi·

159 2441 230 2500 gare
254 2424 405 2483 consecuti
428 2441 542 2498 sumus,
566 2442 589 2497 a,
606 2445 635 2500 p.
656 2425 791 2498 406,19
815 2442 909 2501 usque
933 2425 973 2483 ad
993 2426 1178 2501 1142118

157 2530 300 2589 magnum
314 2515 429 2571 exstare
448 2515 601 2571 centonem
621 2531 657 2571 ex
671 2511 876 2590 Ghrysostomi
892 2513 1033 2574 adversus
1046 2514 1179 2574 Judaeos

158 2600 243 2660 libris
276 2602 472 2677 compilatum
501 2620 555 2679 ego
589 2604 725 2680 cognovi.
770 2601 815 2661 De
845 2604 949 2662 multis
982 2606 1061 2663 certe
1092 2603 1179 2663 libris

159 2708 177 2748 a
206 2687 334 2767 Georgio
363 2693 508 2767 excerptis
541 2692 681 2751 certiores
712 2690 778 2750 fieri
808 2711 869 2751 non
900 2711 1070 2768 possumus3
1103 2713 1177 2752 non·
1253 2726 1255 2730 .

157 2778 255 2839 nullos
278 2780 359 2839 enim
381 2782 504 2857 periisse
528 2782 645 2841 constat
663 2781 759 2840 veluti
782 2800 856 2856 quos
872 2781 978 2840 laudat
999 2783 1119 2857 p334,
1136 2784 1177 2841 13

157 2867 282 2928 Eusebii
305 2868 343 2927 ad
370 2868 520 2927 Marinum
550 2868 669 2944 librum,
701 2890 730 2947 p.
751 2870 814 2929 689
844 2869 952 2947 cyrilli
979 2873 1010 2929 et
1036 2870 1179 2947 Mmtyrii

150 2956 338 3017 ‘Antiocheni
361 2958 399 3016 ad
421 2958 519 3017 Judae
548 2959 706 3035 epistolam
733 2962 970 3034 commentarios,
997 2980 1025 3036 p.
1045 2962 1176 3034 780,15

156 3046 268 3106 librum
293 3048 444 3123 quendam
471 3048 634 3125 Nicephori
655 3049 845 3123 patriarchae
869 3048 1063 3125 deperditum,
1092 3050 1177 3109 alios.

156 3135 221 3195 Iam
261 3154 327 3195 cum
365 3135 511 3214 Georgius
547 3137 644 3195 multe
676 3137 724 3196 rel
756 3137 899 3215 pleraque
933 3157 994 3197 non
1031 3157 1066 3196 ex
1101 3140 1177 3215 ipsis

157 3227 336 3301 scriptorum
359 3224 497 3302 operibus
522 3228 716 3303 excerpserit,
743 3226 795 3285 sed
820 3246 856 3285 ex
879 3228 1069 3287 collectaneis
1092 3230 1177 3287 vetu-

156 3314 311 3389 stioribus,
333 3315 429 3374 veluti
451 3334 486 3373 111
508 3315 665 3375 Anastasii
687 3314 823 3374 Sinaitae
846 3316 1089 3392 Quaestionibus‚
1116 3317 1176 3377 for·

155 3404 235 3463 tasse
272 3423 307 3462 ex
338 3406 425 3480 parte
462 3423 498 3462 ex
530 3405 643 3463 catenis
680 3404 890 3481 desumpserit,
926 3407 1007 3465 inter
1039 3408 1178 3483 excerpta

156 3511 306 3568 anonyma
330 3494 410 3569 apud
433 3512 502 3551 eum
523 3493 651 3553 forsitan
675 3496 794 3553 exstant
815 3493 896 3554 haud
918 3513 1015 3572 pauca
1038 3515 1073 3554 ex
1090 3495 1177 3555 libris

155 3582 281 3658 perditis
296 3581 481 3660 deprompta.
512 3581 604 3658 Spero
620 3586 721 3643 autem
735 3583 815 3644 viros
830 3584 932 3645 doctos
952 3586 1006 3660 qui
1018 3586 1051 3643 in
1065 3585 1176 3644 litteris
