2617 3909
537 227 727 280 xpomon
1076 228 1141 294 309

127 371 276 453 ἐπαίρεται
298 371 388 435 πλέον
411 373 427 437 ὁ
450 375 584 448 δείλαιος.
621 372 658 436 δν
680 376 775 450 εὐθὺς
797 373 918 458 άγγελος
940 378 1045 460 κυρίου
1070 377 1141 439 ἐπά-

125 471 212 544 ταξεν
235 469 365 552 άνθρόεος,
387 470 438 533 καὶ
459 470 628 552 ἀνεπήδησε
648 482 702 554 τῆς
719 472 869 555 καθέδρας
891 473 924 536 έκ
942 484 995 536 τοῦ
1013 476 1141 557 σπαράτ-

126 573 230 629 τεσθαι
253 569 358 642 δεινῶς
380 569 435 648 τήν
457 570 581 652 γαστέρα
603 570 705 632 αὐτοῦ.

196 665 255 728 Τδν
278 665 310 728 δὲ
332 672 420 729 θεῖον
434 661 575 748 Ἰάκωβον
594 667 668 730 ἰδὼν
686 667 875 751 ἀπαγόμενον
893 667 963 752 [τὴν
982 667 1068 752 δδδν]
1086 670 1141 750 τὴν

125 762 174 825 έπλ
196 765 332 826 θάνατον
355 761 371 824 δ
389 764 552 849 κατήγορος
570 766 664 828 αὐτοῦ
681 766 731 828 καί
754 767 964 848 μεταμεληθεὶς
982 767 1141 851 προσέπεσε
1169 792 1181 832 5

126 867 187 935 τοῖς
208 862 279 924 ποσί
301 872 354 924 τοῦ
377 861 543 926 ἀποστόλου
568 862 673 946 λέγων·
697 865 887 947 συγχώρησόυ
910 889 977 946 μοι,
999 863 1141 947 άνθρωπε

125 969 178 1021 τοῦ
207 965 298 1040 θεοῦ,
330 961 374 1022 ότι
404 962 636 1042 μεταμεμέλημαι
664 961 715 1040 ἐφ’
736 957 790 1036 οἷς
821 963 947 1043 ἐλάλησα
975 964 1049 1024 κατά
1076 981 1139 1025 σου.
1155 978 1240 1019 22811.

126 1053 198 1119 δδέ
221 1058 366 1141 μακάριος
393 1062 560 1143 παραυτίκα
586 1069 692 1121 τοῦτον
718 1061 921 1140 καταφιλήσας
947 1055 1030 1122 εἶπεν
1052 1061 1139 1145 αὐτῷ·

71 1213 73 1226 ‚
125 1155 229 1236 είρήνη
257 1173 319 1237 σοι,
346 1155 464 1238 τέκνον,
491 1158 596 1242 εἰρήνη
624 1175 672 1219 σοι
698 1157 749 1219 καί
776 1160 959 1240 συγχώρησις
981 1168 1034 1220 τοῦ
1056 1160 1140 1220 πταί-

125 1270 242 1332 σματος.
279 1252 347 1317 όδὲ
371 1255 442 1334 μετὰ
464 1265 569 1335 φωνῆς
592 1256 720 1336 μεγάλης
742 1254 856 1330 εὐθέως
873 1255 1053 1339 Χριστιανὸν
1071 1255 1139 1317 έαυ-
1154 1281 1181 1320 ιο

124 1351 175 1412 τὸν
206 1350 255 1412 έπλ
291 1352 411 1414 πάντων
442 1351 623 1435 ἀνηγόρευσε
653 1352 705 1414 καί
735 1352 812 1416 οῦτοι
848 1352 1141 1436 συγκαταριθμηθεὶς

125 1454 163 1531 τῷ
183 1443 237 1509 ὑπ’
263 1449 356 1511 αῦτοῦ
379 1449 615 1533 κατηγορηθέντι
636 1451 693 1512 σὺν
712 1450 792 1535 αὐτῷ
809 1450 860 1512 καί
878 1451 910 1513 τδ
929 1453 1069 1533 βραβεῖον
1086 1461 1139 1512 τοῦ

126 1548 288 1628 μαρτυρίου
311 1546 504 1629 ἀπηνέγκατο.

187 1639 221 1705 Ὁ
243 1642 275 1706 δέ
298 1643 404 1719 άθλιος
422 1641 559 1728 Ἡρώδης
581 1645 629 1708 έπλ
647 1644 758 1728 ἡμέρας
777 1647 976 1728 φθειρόμενος
995 1645 1044 1708 καλ
1064 1648 1139 1708 σκολ-

123 1747 218 1822 ληκας
243 1741 393 1824 έκβράζοον
419 1743 550 1817 ἐλεεινῶς
577 1744 629 1806 τδν
656 1746 725 1825 βίον
750 1743 907 1806 κατέλυσεν
929 1745 1027 1826 ὥσπερ
1048 1744 1099 1806 καί
1122 1745 1179 1810 διε

124 1839 347 1922 δυσσεβέστερος
369 1841 462 1904 αῦτοῦ
484 1842 589 1923 πατήρ.
634 1842 684 1904 καλ
711 1842 767 1924 γὰρ
793 1841 930 1916 κάκεῐνος
952 1842 988 1904 τὰ
1010 1842 1139 1924 ἐπίχειρα

123 1949 176 2019 τῆς
206 1938 281 2000 κατὰ
311 1942 443 2021 Χριστοῦ
471 1939 521 2001 καί
554 1950 614 2001 τῶν
651 1939 802 2019 ὁμηλίκων
834 1939 926 2001 αῦτοῦ
958 1940 1067 2019 τόλμης
1098 1940 1140 2001 ἔτι

122 2036 233 2119 περιὼν
256 2043 296 2120 τῷ
314 2038 370 2123 βίφ
397 2038 594 2118 κομισάμενος
621 2038 759 2123 αίσχίστφ
782 2037 863 2121 μόρῳ
886 2036 938 2098 τὸν
965 2039 1033 2117 βίον
1055 2036 1137 2098 κατέ-

123 2148 257 2216 στρεψεν.
299 2134 389 2217 όνπερ
415 2135 539 2208 ἐνδίκως
562 2133 602 2208 ὡς
630 2133 736 2197 άδικον
758 2132 778 2213 ή
802 2135 871 2213 δίκη
895 2140 1077 2213 μετελθοῦσα
1103 2134 1139 2194 τδι

197 2329 284 2377 4-13
303 2325 336 2392 cs.
351 2323 452 2378 Euseb.
467 2323 502 2378 H.
520 2324 586 2379 εοοΙ.
602 2323 635 2390 Π,
651 2328 676 2377 9,
690 2353 724 2365 -
745 2329 849 2392 16-γ,
866 2328 971 2388 311,13
990 2323 1025 2390 cf.
1036 2322 1137 2376 Euseb.

125 2393 160 2447 H.
177 2394 243 2448 eccl.
257 2395 279 2462 Ι,
293 2401 318 2463 8,
333 2402 413 2466 Βορη.
433 2397 528 2450 ordine
545 2402 658 2452 mutato.

195 2579 246 2628 45
265 2573 317 2643 τήν
341 2573 387 2628 έπλ
404 2573 534 2629 θάνατον
554 2573 622 2630 δδὸν
640 2571 713 2628 ΡΙιΝ
739 2571 789 2641 τὴν
813 2571 882 2628 δδδν
905 2589 955 2628 om.
975 2570 1083 2625 PSuid.
1104 2603 1137 2611 -

124 2649 208 2698 ἵτοῦ
231 2648 303 2700 θεοῦ
326 2662 376 2700 om.
396 2645 455 2698 BP.
482 2677 515 2685 —
542 2643 728 2714 μεταμέλημαι
751 2641 901 2713 (μεταμέλλ.
921 2643 954 2713 L)
977 2642 1139 2696 GFLHMR

122 2734 157 2770 m.
178 2722 194 2770 1
217 2733 284 2772 σοιν.
308 2717 341 2770 ιἰι
358 2716 388 2769 Ρ.
417 2747 451 2757 -
480 2715 672 2787 έτιλημμέλησα
694 2715 753 2770 AV,
780 2747 814 2755 -
843 2721 858 2769 9
883 2714 979 2784 εἰρήνη
1007 2732 1052 2769 σοι
1076 2721 1140 2784 pout

121 2785 222 2842 τέκνον
241 2789 282 2843 δίε
300 2805 350 2842 εον.
370 2790 401 2841 in
419 2787 510 2842 NRV.
531 2820 562 2827 -
585 2793 618 2842 14
636 2786 747 2856 ήρώδης
764 2785 931 2858 θλιβόμενος
948 2785 1000 2855 τήν
1019 2785 1138 2856 γαστέρα

122 2859 172 2912 καλ
191 2858 380 2928 φθειρόμενος
397 2860 420 2912 Β
444 2857 613 2931 θλιβόμενος
628 2875 681 2928 pro
701 2857 889 2927 φθειρόμενος
906 2857 937 2912 F.
961 2888 995 2898 -
1020 2862 1053 2911 16
1073 2859 1139 2912 δυσ-

125 2927 289 3000 σεβέστατος
306 2929 441 2984 ALSuid.
461 2961 496 2970 —-
516 2937 549 2984 19
568 2929 637 2998 ὅπερ
657 2928 710 2984 GV.

193 3112 209 3160 3
229 3108 317 3163 αὐτοῦ
335 3107 387 3176 τὴν
406 3105 525 3178 γαστέρα
543 3108 573 3161 P.
588 3139 623 3148 —-
642 3113 659 3160 4
678 3106 711 3162 δέ
727 3123 758 3176 γε
777 3109 860 3161 θείου
879 3106 909 3160 Ρ.
929 3136 962 3146 -
983 3111 999 3160 θ
1018 3123 1137 3175 κατηγο-

122 3176 209 3246 ρήσας
226 3177 256 3234 Ρ.
277 3211 311 3219 -
331 3185 346 3232 6
366 3180 406 3242 είς
423 3180 489 3242 τοῦς
507 3177 599 3242 πόδας
616 3187 667 3233 τοῦ
686 3175 801 3233 δικαίου
818 3175 906 3246 λέγων
924 3177 953 3230 Ρ.
975 3208 1008 3217 -
1031 3182 1045 3230 ’ί
1065 3175 1138 3230 κατὰ

121 3257 180 3305 σοῦ.
218 3251 267 3304 καί
290 3249 375 3318 ὁμὲν
395 3250 515 3320 ἐπισχὼν
538 3250 637 3320 μικρὸν
664 3246 767 3319 (ὀλίγον
791 3248 967 3318 σκεψάμενος
989 3248 1066 3317 Εοε.)
1088 3249 1137 3302 καί

120 3318 282 3388 παραυτίκα
300 3329 400 3377 τοῦτον
414 3318 581 3391 κατεφίλησε
595 3319 682 3392 λέγων
696 3320 724 3374 Ρ.
740 3351 775 3360 -
790 3325 805 3372 9
825 3319 923 3390 είρήνη
939 3337 983 3374 σοι
996 3320 1045 3373 καί
1059 3335 1135 3390 συγχ.

120 3399 172 3446 τοῦ
190 3390 364 3462 πταίσματος
381 3410 430 3448 ονε.
449 3391 545 3447 ΡΕαε.
564 3423 598 3432 -
619 3398 651 3445 11
671 3391 842 3462 ἀνηγόρευσε
861 3392 907 3446 ἐπὶ
924 3390 1038 3444 πάντων
1051 3389 1082 3443 Ρ.
1101 3420 1135 3430 —-

121 3469 154 3517 12
174 3471 224 3517 τοῦ
243 3461 399 3533 μαρτυρίου
418 3464 467 3517 καὶ
484 3472 533 3534 τῆς
547 3463 727 3544 άνωκλήσμως
745 3463 842 3535 έτυγεν
859 3463 889 3517 Ρ.
909 3493 942 3502 -
963 3467 997 3514 14
1016 3467 1138 3551 συνεγῦις

120 3531 172 3589 οὖν
195 3535 250 3590 ὑπὸ
274 3543 323 3589 τοῦ
342 3534 499 3606 ἀλγηδόνος
515 3534 626 3605 ἡρώδης
649 3534 695 3589 ἐπὶ
713 3532 818 3603 ἡμέρας
835 3534 865 3590 Ρ.
887 3567 922 3574 -
947 3537 979 3586 15
999 3532 1138 3605 έκβραοας

118 3606 245 3669 ἐλεεινῶς
261 3606 313 3676 τήν
331 3606 403 3676 ζωὴν
422 3605 512 3673 ὥσπερ
523 3605 658 3675 -πατήρ
676 3604 825 3661 κατέλυσεν
843 3606 873 3661 Ρ.
