2617 3909
525 216 715 267 XPONIKON
1057 213 1123 278 313

109 365 192 445 τρίτη
215 361 265 424 καὶ
288 345 380 444 ὀγδόη
403 359 423 441 ἡ
447 361 534 442 αὕτη,
559 364 641 444 τρίτη
664 355 719 441 ἀφ’
746 355 783 424 οὗ
806 361 932 442 ἔπαθεν,
955 360 1047 444 ὀγδόη
1069 357 1125 442 ἀφ’

109 453 148 540 ἦς
170 458 186 522 ό
209 459 320 539 κόσμος
347 459 467 541 ἐγένετο.
513 460 573 522 ἔστι
601 458 633 522 δὲ
660 459 710 522 καί
738 457 811 539 άλλη
838 460 917 522 αἰτία
944 470 997 541 τῆς
1019 458 1128 542 ὀγδόης

111 556 162 619 καί
184 568 237 638 της
259 559 367 641 τρίτης,
391 557 441 620 διὰ
459 559 488 619 τί
504 557 663 632 ἀνάστασις
681 549 788 638 έκάστη
807 555 985 638 ὠνόμασται.
1022 559 1054 620 έν
1072 558 1128 642 γὰρ

111 664 147 740 τῇ
172 652 265 740 ὀγδόη
287 653 382 740 ἡμέρᾳ
404 653 586 719 κατέπαυσεν
609 654 625 717 ὀ
647 656 720 730 θεὸς
742 654 801 718 οἰπδ
819 657 940 719 πάντων
957 667 1017 718 τῶν
1035 657 1128 738 ἔργων

112 753 220 833 αὐτοῦ,
247 752 297 814 καλ
320 753 398 816 έσιιν
420 751 440 832 ἡ
463 754 646 826 κατάπαυσις
673 752 756 826 τέλος
781 752 832 817 καί
859 753 1008 819 συντέλεια
1034 755 1128 838 ἔργων
1155 775 1168 816 ο

109 850 343 933 άπηρτισμένων.
389 851 470 926 τέλος
492 849 524 914 δὲ
546 851 596 914 καὶ
619 852 803 925 κατάπαυσις
825 850 1008 934 λέγεταικαὶ
1030 851 1050 933 η
1074 863 1127 915 τοῦ

109 948 222 1030 κόσμου
246 949 405 1031 συντέλεια,
428 949 474 1012 ότι
498 949 593 1029 μέλλει
612 949 757 1031 παράγειν
774 949 808 1011 τὸ
827 959 924 1032 σχῆμα
941 960 995 1013 τοῦ
1012 950 1127 1031 κόσμου

111 1047 217 1112 τούτου
241 1045 257 1115 ὁ
280 1047 360 1122 θεός.
406 1047 468 1111 ἐπεὶ
491 1040 546 1110 οὖν
565 1046 716 1130 ἁμαρτιῶν
738 1045 754 1108 ὁ
778 1049 844 1128 βίος
867 1048 948 1130 ἔγεμε
970 1047 1021 1110 καὶ
1043 1049 1128 1130 ἠπει-

112 1149 187 1210 λεῖτο
219 1145 333 1225 κόσμου
365 1145 529 1227 συντέλεια,
561 1144 577 1207 δ
605 1143 637 1208 δὲ
664 1146 792 1229 Χριστὸς
823 1145 872 1208 ἐπί
899 1148 1048 1230 συντελείᾳ
1074 1157 1127 1208 τοῦ

110 1243 220 1316 αἰῶνος
253 1244 296 1317 εἰς
332 1243 475 1324 ι’νθέτησιν
506 1254 559 1325 τῆς
591 1241 734 1325 άμαρτίας
764 1236 840 1322 ἦλθε
871 1243 922 1306 καὶ
953 1244 1047 1306 ἔπαθε
1077 1244 1128 1306 καὶ
1142 1265 1167 1304 ιο

113 1340 209 1420 ἐτάφη
231 1340 282 1404 καλ
305 1340 422 1422 ἀνίστη,
445 1341 477 1406 ἕν
500 1351 535 1427 τῇ
558 1350 697 1426 κυριακῇ,
720 1341 753 1404 έν
775 1329 795 1428 ᾗ
817 1342 869 1404 τὸν
892 1342 1004 1422 κόσμον
1031 1349 1127 1404 ποιεῖν

112 1437 232 1521 ἤρξατο,
255 1438 287 1501 ἐν
311 1439 385 1524 αὐτῇ
410 1436 426 1500 ὀ
449 1440 629 1520 κοσμοποιὸς
651 1437 758 1520 άνέστη
780 1439 831 1502 καλ
853 1440 905 1503 τὸν
927 1439 1040 1520 κόσμον
1060 1438 1127 1502 οἰνέ-
1141 1461 1180 1501 ιιι
1194 1460 1224 1499 οι

112 1553 228 1617 στησεν,
250 1535 300 1598 καλ
323 1534 343 1616 ἡ
366 1536 468 1617 πρώτη
491 1536 524 1600 έν
552 1539 732 1622 δημιουργίᾳ
759 1535 852 1619 όγδόη
875 1537 908 1600 έν
930 1547 965 1622 τῇ
989 1544 1125 1620 παλιγγε-

111 1636 195 1719 νεσία
216 1632 344 1716 γέγονεν.
390 1643 425 1720 τη
453 1633 521 1720 έκτη
548 1634 597 1698 ίπλ
622 1636 713 1710 ξύλον
740 1646 916 1718 σταυροῦται
942 1635 994 1702 διὰ
1018 1637 1071 1699 τὸν
1093 1637 1125 1699 έν

109 1741 145 1818 τῇ
174 1731 243 1816 ἕκτη
270 1733 431 1814 γενόμενον
458 1730 631 1816 άνθρωπον.
677 1732 727 1796 διὰ
753 1743 840 1796 τοῦτο
862 1733 918 1816 γάρ
942 1733 974 1796 έν
996 1743 1031 1820 τῇ
1055 1734 1124 1820 ἕκτη
1139 1754 1165 1794 ιι

108 1829 287 1913 ἐσταύρωται
314 1828 423 1915 ἡμέρᾳ,
451 1831 501 1892 ἵνα
524 1833 630 1906 πάντες
653 1831 812 1912 μάθωμεν,
834 1833 879 1895 ότι
902 1831 918 1896 ό
941 1831 975 1895 έν
997 1842 1033 1918 τῇ
1057 1832 1124 1918 έκτη

109 1928 332 2012 δημιουργήσας
368 1928 419 1992 τὸν
455 1927 619 2014 άνθρωπον
655 1929 744 2005 αὐτὸς
780 1929 891 2004 ἐκεῖνος
923 1929 955 1992 έν
987 1939 1022 2015 τῇ
1055 1930 1125 2014 ἕκτη

108 2026 284 2109 ἐσταυρώθη
317 2026 367 2089 διά
398 2027 450 2090 τὸν
482 2025 653 2108 άνθρωπον.
699 2027 749 2088 καὶ
781 2029 817 2090 οὐ
847 2028 941 2108 μόνον
970 2028 1004 2091 έν
1031 2026 1125 2114 ἡμέρη

108 2123 192 2208 ἕκτη,
220 2123 293 2186 ἀλλὰ
319 2123 370 2186 καὶ
397 2124 430 2187 ἕν
457 2125 519 2209 ὥρᾳ
550 2124 620 2209 ἕκτη
648 2124 696 2186 ἐπὶ
723 2126 813 2198 ξύλον
841 2124 995 2206 ἐκρέματο,
1022 2125 1124 2206 ἐπειδὴ

108 2220 184 2304 ἀργὴ
207 2219 350 2304 ἁμαρτίας
373 2223 435 2307 ὥρα
457 2221 526 2308 έκτη
549 2221 608 2286 άπὸ
631 2231 684 2285 τοῦ
708 2223 798 2296 ξύλου
816 2221 946 2305 γέγονεν,
970 2223 1016 2285 ὅτε
1031 2217 1125 2302 Ἀδὰμ
1139 2243 1164 2282 ιο

108 2319 161 2381 τόν
188 2319 323 2382 θάνατον
351 2319 522 2404 ἠρίστησεν,
552 2320 626 2382 όθεν
653 2322 758 2384 λοιπὸν
789 2322 852 2383 τότε
879 2319 929 2381 καὶ
955 2321 1126 2403 λογχευθελς

108 2416 261 2498 ἐξέβλυσεν
284 2411 357 2498 αλμα
379 2417 429 2479 καί
456 2420 552 2500 ὕδωρ,
581 2419 613 2480 οἱ
637 2419 693 2480 δόο
721 2419 864 2500 μάρτυρες
891 2427 950 2481 τῶν
972 2419 1125 2501 κυριοκτό-

110 2539 183 2596 νων,
207 2516 238 2578 τὸ
263 2513 316 2595 μὲν
340 2511 421 2596 αἷμα,
445 2517 495 2577 ἵνα
514 2510 679 2589 Ἰουδαίους
701 2514 801 2600 ἕλέγξη
824 2515 972 2590 εἰπόντας·
997 2516 1029 2579 τὸ
1052 2510 1125 2596 αἷμα

109 2612 202 2676 αὐτοῦ
230 2608 280 2692 ἐφ’
306 2610 385 2692 ἡμᾶς
411 2612 461 2674 καλ
485 2612 532 2675 ἐπί
554 2613 589 2674 τά
612 2612 699 2675 τέκνα
721 2611 821 2694 ἡμῶν,
845 2613 877 2675 τὸ
901 2611 933 2676 δὲ
956 2615 1052 2698 ὕδωρ,
1076 2615 1125 2675 ἵνα

109 2720 162 2772 τοῦ
189 2711 323 2772 Πιλάτου
349 2711 554 2796 κατηγορήσῃ,
584 2711 628 2773 ότι
653 2711 753 2792 λαβὼν
780 2711 862 2794 ὀδωρ
885 2711 935 2773 καὶ
958 2714 1124 2793 νιψάμενος
1138 2733 1164 2772 ιι

109 2804 150 2880 ὡς
172 2805 272 2892 ἀθῷος
294 2807 346 2869 τὸν
368 2807 474 2894 ἀθῷον
497 2807 546 2902 καὶ
570 2810 686 2871 δίκαιον
707 2811 915 2893 φραγελλώσας
933 2811 1124 2893 ἐσταύρωσεν.

182 2987 235 3042 7Ι.
252 2987 312 3043 Cor
330 2994 353 3056 7,
369 2994 464 3047 81.—
485 2995 522 3052 23
537 2989 638 3046 Μωλόλι.
654 2995 697 3058 27,
712 2995 754 3044 25

181 3153 263 3218 στῆς
277 3167 327 3204 om.
342 3148 369 3202 N
383 3156 491 3204 σίτοιο.
507 3150 681 3220 ηοὶδοστμ-
701 3149 867 3220 8ἡπειλητο
883 3149 930 3204 CF
949 3148 1081 3219 ἡπειλήτο
1095 3152 1124 3204 Μ

108 3217 327 3288 ηπείλητολίμ-
343 3226 376 3274 10
390 3227 440 3290 τῆς
453 3239 503 3276 om
519 3221 599 3276 codd.
609 3220 833 3311 praeterAP-
849 3227 881 3276 11
897 3222 1016 3292 ἔντη-
982 3228 1059 3276 12
1073 3222 1124 3276 διν

108 3289 172 3360 έστη
187 3307 237 3345 ονε
252 3291 436 3346 BOFLR-
457 3299 489 3346 13
504 3297 606 3364 παλιν
607 3290 701 3368 ινεοια
716 3291 820 3346 GP
840 3298 874 3345 20
888 3300 1003 3347 τονοκι
1017 3292 1074 3346 AB.
1090 3325 1124 3334 -

106 3361 165 3416 ἀπὸ
184 3371 233 3417 τοῦ
252 3362 335 3426 ξύλου
351 3371 415 3432 post
425 3361 512 3433 Ἀδδιμ
524 3367 621 3436 repetit
633 3363 655 3418 L
669 3347 734 3434 γίουλ
723 3363 977 3419 λθάνατονΔ.-
996 3369 1030 3417 26
1050 3385 1122 3433 φρα-

107 3435 230 3502 γελάσας
248 3432 295 3487 OV
319 3436 565 3506 φραγγελώσαςΙί

180 3593 263 3649 19έν
281 3610 333 3650 σοι.
347 3594 377 3648 P.
