2617 3909
196 203 262 266 222
508 203 694 259 mmm
711 203 895 254 υουωτοω

518 365 584 450 [ις’.
617 367 706 448 Περί
726 362 908 449 Ἐζεκίου]

262 493 351 556 Μετὰ
384 491 416 556 δὲ
440 492 532 574 ’Ἀχαζ
561 493 748 574 ἐβασίλευσεν
777 489 907 567 Ἐζεκίας
938 493 1004 566 υίὸς
1036 493 1132 556 αύτού
1163 493 1214 554 καί

195 595 314 674 ε’ποίησε
336 591 369 654 τὸ
391 589 480 666 εύθὲς
503 591 632 654 ἐνώπιον
653 591 761 672 κυρίου
783 589 834 652 καί
855 590 1018 671 ἐτελεύτησε
1036 593 1214 672 βασιλεύσας

196 693 246 772 ἔτη
273 688 337 761 κθ.
383 685 431 769 ἐφ’
458 684 495 753 ού
524 682 563 769 ἦν
587 689 603 753 δ
627 687 794 762 Μωσαϊκδς
820 694 947 770 χαλκοῦς
975 688 1059 770 όφις,
1087 690 1131 752 ἔτι
1157 690 1212 772 γὰρ

170 788 287 852 εαύτδν
307 785 447 852 Ἰουδαῖοι
469 788 540 870 μετὰ
562 797 621 849 τῶν
644 785 741 848 ἀλλων
763 788 973 869 βδελυγμάτων
995 787 1145 869 ἐθυμίων,
1162 789 1212 849 καί

196 887 343 968 ἠφάνισεν
371 888 463 950 αύτδν
483 882 628 965 Ἐζεκίας,
656 885 753 967 ὥσπερ
781 884 820 964 δὴ
851 884 902 946 καί
928 885 981 959 τδις
1007 886 1133 967 βίβλους
1160 897 1212 948 τοῦ
1289 876 1292 884 “

195 991 391 1066 Σολομῶντος
422 986 473 1060 τδις
504 984 571 1066 περλ
598 993 658 1045 τῶν
688 986 868 1064 παραβολῶν
894 983 946 1045 καλ
974 980 1074 1069 ρδδῶν,
1103 984 1137 1046 ἐν
1165 980 1212 1059 αίς

195 1083 262 1166 περὶ
289 1095 394 1164 φυτῶν
420 1083 471 1147 καλ
497 1083 648 1146 παντοίων
676 1082 759 1155 ζώων
787 1083 996 1164 φυσιολογίας,
1019 1081 1060 1157 ὡς
1087 1084 1210 1165 εἴρηται.

195 1179 244 1261 ἐφ’
270 1174 313 1244 ὧν
335 1185 451 1265 χρόνων
468 1181 518 1244 καί
537 1175 646 1260 Ῥῶμος
667 1178 718 1240 καί
735 1173 843 1259 Ῥημος
860 1177 1032 1259 ἐβασίλευον
1050 1179 1084 1241 ἕν
1104 1173 1211 1264 Ῥώμη,

155 1301 181 1340 ω
194 1278 244 1342 καὶ
272 1281 407 1361 Σίβυλλα
434 1275 641 1361 ἡἘρυθραία
668 1276 846 1358 ἐχνωρίζετο.
891 1276 942 1338 καλ
969 1278 1173 1359 Σαλμανασὰρ
1196 1276 1211 1339 ό

194 1387 254 1439 τῶν
274 1374 437 1460 Ἀσσυρίων
459 1377 597 1458 βασιλεύς
619 1373 801 1456 παραλαβὼν
819 1374 874 1453 τὴν
897 1374 929 1437 ἕν
947 1377 1103 1460 Σαμαρείᾳ
1125 1377 1211 1456 βασι-

195 1476 275 1536 λείαν
301 1470 418 1557 Ἰσραὴλ
450 1474 502 1549 τδις
533 1468 586 1535 ὑπ’
619 1473 715 1553 αύτὴν
747 1471 819 1534 δέκα
850 1472 948 1551 φυλάς
979 1468 1210 1560 ᾐχμαλώτευσεν.

194 1572 268 1633 κατὰ
291 1571 323 1634 δὲ
344 1569 474 1647 Ἐζεκίου
497 1571 591 1651 ἀνέβη
613 1568 791 1651 Σεναχειρλμ
814 1566 830 1630 δ
852 1568 990 1649 διάδοχος
1008 1570 1211 1652 Σαλμανασάρ

194 1668 244 1729 καί
266 1674 385 1730 πλεῖστα
408 1669 687 1750 μεχαλορημονήσας
707 1667 781 1729 κατὰ
798 1675 852 1729 τοῦ
870 1667 977 1750 κυρίου
995 1666 1046 1728 καί
1063 1668 1141 1728 κατὰ
1158 1679 1212 1730 τού
1290 1706 1292 1711 -

55 1790 94 1830 159
108 1789 139 1829 ω.
154 1788 180 1829 ω
194 1771 268 1828 λαοῦ
295 1766 405 1848 αὐτοῦ,
430 1767 604 1848 παρεκλήθη
628 1763 645 1827 δ
669 1766 866 1838 διασκεδάζων
893 1764 1004 1845 βουλάς
1030 1765 1135 1828 ἐθνῶν
1163 1766 1212 1827 καί
1290 1749 1292 1845 Ξ

195 1863 313 1926 ἀθετῶν
341 1865 500 1946 λογισμούς
527 1869 607 1926 λαῶν
634 1862 685 1925 καλ
714 1863 825 1944 βουλὰς
852 1861 1002 1945 ἀρχόντων
1029 1862 1080 1925 καλ
1105 1867 1211 1946 φρονί-
1290 1847 1292 1921 f

194 1985 269 2041 μους
300 1960 496 2046 ἀποστρέφων
528 1963 570 2036 είς
600 1961 636 2022 τὰ
668 1959 762 2023 ὀπίσω
794 1959 845 2021 καλ
876 1960 932 2040 την
963 1962 1079 2042 βουλὴν
1112 1962 1212 2024 αύτῶν

194 2061 363 2142 μωραίνων,
385 2059 435 2121 καί
458 2058 631 2133 ἀποστείλας
653 2058 777 2142 άχηελον
799 2057 914 2120 ἀνεῖλεν
937 2057 1041 2139 ἕκτης
1059 2063 1211 2142 παρεμβο·
1290 2086 1291 2141 j

193 2163 247 2238 λῆς
269 2169 329 2221 τῶν
349 2154 512 2240 Ἀσσυρίων
534 2159 666 2238 χιλιάδας
688 2154 765 2240 ρπε’.
802 2155 853 2217 καί
875 2157 956 2223 ούτω,
977 2152 1039 2236 μετ’
1065 2159 1211 2239 αἰσχύνης
1290 2148 1291 2155 ¹

155 2282 181 2320 ευ
197 2256 247 2318 καί
270 2258 366 2336 λύπης
389 2255 405 2319 δ
425 2255 601 2337 Σεναχειρὶμ
623 2255 784 2330 ἀναζεύξας
806 2255 848 2328 είς
866 2253 984 2334 Νινευη
1008 2256 1115 2330 δεινῶς
1137 2254 1211 2342 ἀνῄ-
1290 2306 1291 2347 3

195 2377 238 2437 ρει
260 2355 330 2427 τοὺς
353 2352 639 2434 αἰχμαλωτισθέντας
662 2353 721 2417 ύπδ
740 2353 942 2436 Σαλμανασδιρ
960 2352 1019 2416 ἀπὸ
1037 2357 1212 2436 Σαμαρείας
1290 2398 1291 2413 ,

193 2459 246 2511 τοῦ
271 2446 393 2531 Ἰσραήλ.
439 2447 474 2512 δν
506 2449 612 2512 αύτίκα
643 2453 714 2513 θεία
746 2453 816 2531 δίκη
844 2456 1042 2538 μετελθοῦσα,
1069 2452 1121 2515 καλ
1150 2452 1211 2515 ύπδ
1290 2492 1292 2521 ι

265 2631 335 2697 402⁰.
352 2631 408 2684 Leo
427 2629 549 2684 Gramm.
560 2648 589 2700 χο.
605 2636 649 2698 36,
663 2638 688 2684 4.
708 2663 742 2671 -
761 2637 777 2684 9
796 2632 831 2699 cf.
850 2631 906 2686 Leo
926 2631 1048 2686 Gramm.
1059 2649 1089 2701 p.
1106 2639 1151 2701 36,
1167 2638 1208 2686 12.

193 2733 229 2826 1-6
248 2702 411 2827 χρεορχορχ
433 2701 554 2757 Gramm.
571 2720 601 2806 μ
617 2707 665 2770 36,
683 2708 708 2756 ε.
732 2735 766 2744 -
791 2709 824 2758 ω
843 2703 946 2760 psalm.
966 2709 1000 2757 ου
1020 2706 1090 2774 (οε),
1112 2710 1154 2759 10.
1175 2737 1209 2744 -
1290 2696 1291 2723 ³

298 2816 304 2826 .
356 2816 362 2842 ‚
414 2818 419 2829 .

265 2949 280 2996 2
301 2942 316 2997 ό
334 2941 437 3005 υἱδςΙ)
461 2948 487 2996 τί
507 2957 578 2996 rece.
598 2943 721 3010 quidam.
746 2975 780 2983 -
803 2949 820 2996 ὅ
845 2943 872 2997 οἱ
895 2945 1020 3000 ίουδαῑοι
1043 2942 1152 2998 OFRV.
1177 2977 1209 2985 -

193 3011 364 3085 βδελυχμίων
378 3015 475 3086 (βδελλ.
491 3013 526 3082 Α)
541 3011 594 3067 Ac.
611 3046 645 3054 -
665 3020 680 3069 ’ί
698 3016 939 3086 παραβολῶν-8
956 3016 1022 3084 περὶ
1035 3032 1086 3070 σοι.
1103 3015 1159 3070 CF.
1177 3049 1209 3056 —

193 3091 209 3138 8
228 3087 277 3140 καλ
290 3085 392 3154 περλΒ
410 3086 458 3140 καλ
473 3085 618 3155 (σουπερὶ)
631 3085 665 3140 R.
680 3117 714 3126 -
730 3092 745 3139 9
761 3083 810 3156 ἐφ’
826 3081 866 3141 ὦν
879 3085 989 3158 χρόνων
1003 3087 1026 3140 Ρ
1038 3087 1086 3142 sed
1098 3085 1210 3157 χρόνων

192 3174 260 3212 corr.
275 3173 309 3212 τω
322 3155 433 3229 χρόνον.
462 3153 508 3225 ἐφ’
524 3153 558 3211 δν
571 3155 675 3226 χρόνον
689 3156 745 3211 ΒΟ.
762 3189 795 3198 -
810 3158 859 3212 καλ
873 3165 938 3213 ante
945 3156 1050 3227 Ῥῶμος
1062 3175 1113 3214 ουτ.
1124 3157 1209 3213 BRV.

192 3260 226 3269 -
247 3234 281 3283 10
296 3229 410 3300 σιβύλλα
424 3228 504 3283 codd.
515 3234 626 3298 praeter
639 3226 695 3282 PV.
711 3261 744 3269 -
765 3229 945 3298 σαλμανάσαρ
960 3228 986 3284 V
1005 3229 1209 3298 σαλαμανασδιρ

193 3299 289 3369 (-άσαρ
309 3298 339 3370 C)
358 3299 467 3353 ABCL.
488 3331 521 3339 —
541 3304 574 3352 11
595 3297 719 3374 σαμαρίρι
734 3300 843 3354 AHLP.
864 3333 898 3341 —
918 3307 951 3355 13
971 3301 1138 3371 σεναχηρελμ
1155 3301 1211 3354 BR

193 3371 370 3440 σενναχειρλμ
387 3370 448 3423 ΗΜ
472 3370 657 3440 σενναχηρελμ
673 3369 706 3423 V.
734 3372 799 3424 item
815 3389 840 3426 υ.
860 3377 902 3425 20.
925 3403 959 3412 -
983 3369 1165 3441 σαλμανάσαρ
1185 3372 1211 3427 V

194 3440 394 3507 σαλαμαναοδιρ
413 3439 521 3494 ABOL.
542 3469 576 3480 —-
600 3445 632 3492 19
651 3440 720 3509 μετὰ
738 3441 803 3494 ΒΜ.
823 3473 857 3482 -—
877 3448 911 3496 20
930 3450 1027 3511 νινευῆ
1047 3441 1095 3496 ch
1117 3444 1212 3498 νικευλ

192 3507 294 3560 ABFR
317 3511 421 3578 νηνευὴ
440 3513 482 3579 (-ῆ
494 3510 534 3578 Μ)
549 3509 618 3564 ΗΜ.
639 3542 672 3551 -
692 3517 725 3564 21
746 3512 946 3581 σαλαμανασδιρ
966 3513 1063 3582 (-άσαρ
1077 3513 1113 3583 V)
1133 3513 1209 3567 ABG

195 3577 274 3630 LPV.
294 3609 327 3618 -
347 3585 380 3630 22
400 3579 417 3648 ἡ
436 3577 505 3633 θεία
524 3580 601 3643 FLR.
