2617 3909
185 215 250 279 302
497 217 684 269 ΓΕΩΡΓῙΟΤ
701 217 885 269 ΜΟΝΔΧΟΤ

185 363 339 446 ίνιαύσιοι,
362 365 395 426 ot
414 363 446 427 δδ
468 360 515 426 ἐπ’
541 363 628 452 ὀλίγῳ
651 364 732 447 παρὰ
753 374 813 426 τῶν
832 357 982 444 Ῥωμαίων
1004 362 1061 442 τήν
1080 364 1206 446 ἱερωσύ-

184 485 243 542 νην
275 459 448 542 ὠνούμενοι.
494 463 541 526 διδ
573 461 623 524 καί
654 461 771 541 Δανιήλ
802 463 983 544 προφητεύει
1015 459 1124 544 λέγων·
1155 462 1206 523 καλ

185 559 256 639 μετά
278 559 330 633 τὰς
352 557 380 633 ζ’
397 559 448 621 καὶ
470 556 520 641 ξβ’
538 559 705 642 ἑβδομάδας
722 559 1007 642 ἕξολοθρευθήσεται
1025 560 1137 640 χρίσμα
1155 559 1204 621 καὶ

185 657 275 738 κρίμα
297 657 353 721 ούκ
376 658 465 740 ἔσται,
488 658 539 721 καλ
561 657 596 720 τδι
618 658 694 738 έξής.

158 777 170 817 5
251 759 364 829 Διελεῖς
391 753 424 818 δέ
450 755 503 830 τὰς
530 753 560 816 ο’
582 755 750 836 ἑβδομάδας
782 757 889 830 οὕτως·
916 757 969 830 τὰς
996 755 1052 836 μὲν
1079 754 1109 831 ζ’
1133 756 1202 836 μετὰ

184 851 239 932 τήν
261 852 410 916 ἐπάνοδον
432 863 485 934 τῆς
502 854 701 935 αἰχμαλωσίας
718 853 774 928 έως
791 864 844 934 τῆς
862 855 1024 934 οἰκοδομῆς
1042 863 1098 916 τοῦ
1116 864 1201 934 ναού,

84 973 124 1013 ενι
139 973 171 1012 μ.
185 950 237 1025 τὰς
260 950 291 1013 δέ
315 949 363 1034 ξβ’
386 952 610 1033 συναπτομένας
636 959 700 1027 ταῖς
723 950 750 1026 ζ’
773 953 815 1026 είς
840 951 894 1013 τὸν
919 951 1042 1034 χρόνον,
1068 949 1107 1014 ὃν
1134 976 1202 1013 κατ-

183 1048 269 1130 έσχον
292 1050 324 1112 οἱ
343 1051 453 1132 χριστοέ
475 1048 643 1133 ήμούμενοι.
689 1049 746 1129 τήν
773 1049 805 1112 δέ
832 1052 904 1131 μίαν
930 1049 1098 1131 ἑβδομάδα,
1126 1046 1199 1111 καθ’

183 1143 223 1226 ήν
249 1145 264 1209 ὁ
287 1149 390 1230 κύριος
413 1147 534 1230 ἐκήρυξε
561 1147 616 1227 τήν
639 1149 749 1228 καινήν
777 1149 941 1229 διαθήκην·
969 1141 1007 1228 ής
1033 1147 1202 1229 ἑβδομάδος

143 1269 169 1308 10
182 1244 215 1308 έν
237 1251 277 1330 τῷ
296 1245 388 1325 ἥμισυ
411 1237 506 1326 ήλθεν
533 1244 580 1306 έπέ
602 1245 635 1307 τὸ
660 1247 807 1328 σωτήρων
833 1247 948 1326 πάθος,
974 1245 1026 1307 καί
1052 1244 1141 1328 ήρθη
1170 1246 1202 1308 έκ

183 1342 273 1423 μέσου
300 1341 320 1423 ή
349 1344 398 1406 διὰ
426 1342 562 1418 Μωσέως
589 1343 815 1425 παραδεδομένη
842 1344 985 1424 διαθήκη.
1029 1343 1082 1405 καί
1109 1353 1203 1405 ταῦτα

183 1438 236 1521 μέν
259 1441 414 1523 Εὐσέβιος.

244 1534 279 1600 ‘0
301 1537 333 1601 δέ
359 1541 549 1622 Θευδάρητος
572 1532 665 1612 αὖθις
686 1539 759 1619 ἔφη·
777 1538 827 1601 καί
846 1540 1014 1620 δυναμιύσει
1032 1539 1200 1620 διαθήκην,

184 1637 291 1717 φησίν,
318 1642 437 1710 πολλοῖς
464 1636 593 1718 έβδομὰς
617 1638 678 1716 μία.
723 1636 774 1698 καί
797 1637 829 1699 έν
851 1643 891 1722 τῷ
913 1638 1007 1717 ήμισυ
1035 1647 1090 1717 τής
1114 1636 1200 1718 ἕβδο

143 1759 168 1800 15
182 1733 277 1812 μάδος
298 1732 461 1815 ἀρθήσεται
488 1736 583 1796 θυσία
609 1733 660 1797 καί
687 1734 803 1814 σπονδή
826 1734 876 1796 καὶ
898 1734 947 1796 ἐπὶ
969 1736 1001 1798 τὸ
1025 1735 1108 1817 ἱερὸν
1130 1734 1200 1816 βδέ-

182 1835 278 1912 λυγμα
301 1831 482 1914 ἐρημώσεως.
528 1831 677 1895 συντέλεια
704 1833 866 1912 δοθήσεται
889 1832 1016 1912 έπέτήν
1038 1833 1200 1914 ἐρήμωσιν.

182 1928 214 1991 έν
241 1929 296 2012 γάρ
323 1930 415 2016 ταύτη
444 1931 578 2011 διαθήκη
601 1929 718 1992 δέδοται
744 1931 834 2011 καινή
861 1937 922 2005 τοῖς
948 1931 1122 1993 πιστεύουσι
1147 1930 1200 1992 καὶ

182 2028 337 2108 δυνάμεως
358 2027 475 2110 άπάσης
498 2028 608 2102 αύτούς
629 2028 812 2111 ἐπλήρωσεν,
835 2027 951 2111 έπείπερ
975 2029 1124 2108 μεσούσης
1145 2039 1201 2109 τῆς

182 2125 347 2207 ἑβδομάδος
378 2128 487 2206 ταύτης
518 2124 538 2206 ή
570 2125 644 2188 κατὰ
672 2126 767 2207 νόμον
793 2125 878 2208 ήρθη
904 2128 1013 2207 θυσία,
1044 2137 1099 2208 τῆς
1126 2126 1198 2207 άλη-

142 2251 169 2290 εο
182 2229 274 2304 θινής
296 2223 540 2308 προσφερομένης
557 2225 676 2296 θυσίας.
710 2224 760 2285 καί
779 2224 816 2286 ού
834 2223 928 2304 μόνον
946 2220 965 2303 ἡ
985 2226 1080 2286 θυσία
1097 2225 1198 2306 έκείνη

182 2323 383 2405 καυθήσεται,
415 2321 488 2385 άλλά
519 2321 568 2383 καὶ
600 2320 750 2404 βδέλυγμα
781 2321 955 2406 έρημώσεως
981 2320 1029 2384 έπέ
1055 2322 1090 2384 τὸ
1117 2323 1198 2405 ἱερὸν

182 2420 351 2499 δοθήσεται.
397 2426 520 2501 σημεῖον
548 2417 580 2481 δέ
607 2429 660 2500 τής
688 2419 811 2501 έρημίας
833 2417 969 2500 ὑπέφηνε
992 2419 1134 2502 γενέσθαι
1156 2422 1198 2483 εί-

253 2599 269 2646 2
288 2592 357 2647 Βαο.
373 2599 403 2660 9,
417 2597 460 2647 26.
479 2624 513 2633 -
537 2597 633 2646 6-12
652 2591 754 2646 Euseb.
773 2607 807 2646 ex
826 2591 972 2661 deperdito
994 2592 1199 2646 commentario

181 2663 211 2718 in
225 2662 390 2718 Danielem?
404 2695 439 2704 —-
454 2667 558 2720 13-20
569 2662 735 2718 Τὴοοδοτεδ.
750 2663 780 2716 in
790 2663 861 2716 Dan.
873 2669 897 2730 9,
908 2667 941 2716 27
956 2661 1052 2732 Migne
1062 2663 1141 2717 Tom.
1153 2668 1198 2731 81,

183 2740 251 2789 1481
261 2735 293 2790 B.
313 2768 346 2777 -
366 2740 471 2802 20—p.
487 2739 547 2801 303,
563 2739 578 2786 ’ί
597 2736 632 2789 ib.
649 2739 718 2788 1484
728 2733 756 2788 G.

255 2892 268 2939 1
287 2887 324 2954 άρ
342 2885 495 2954 ιερωσύνην
517 2885 563 2938 PL
572 2885 637 2940 Eue.
662 2916 695 2927 -
723 2892 740 2941 6
763 2884 863 2949 διέλεις
879 2885 935 2939 AF.
959 2916 992 2926 -
1018 2891 1033 2937 7
1057 2903 1195 2941 συναπτο-

181 2957 278 3029 μίναις
296 2908 372 3011 cssv
395 2955 648 3025 συνακτομένιοςΙι
674 2954 891 3082 συναπτομένων
908 2955 943 3011 Η.
967 2987 1001 2997 -
1024 2961 1041 3009 9
1064 2957 1198 3026 ἐκήρυξεν

182 3028 352 3098 ὁκύριοςΒ
375 3027 506 3098 δκύριος
524 3045 574 3084 om.
593 3027 623 3082 F.
644 3059 678 3068 -
703 3033 736 3082 10
756 3028 795 3098 ήμ
825 3047 850 3082 ει
868 3027 900 3082 R.
926 3058 959 3068 -
980 3033 1013 3081 14
1032 3026 1128 3098 ήμισοι
1147 3028 1195 3083 GL

181 3098 272 3170 ήμίσει
290 3099 323 3152 R.
347 3130 381 3139 ·-
408 3105 440 3152 16
465 3096 606 3154 συντελεία
629 3101 713 3168 (θεῖα
736 3098 829 3169 ODH)
849 3097 908 3152 GN.
932 3129 966 3139 -
992 3104 1023 3153 17
1047 3100 1136 3172 ταύτῃ
1160 3108 1194 3172 τῇ

182 3170 309 3242 διαθήκη
333 3169 443 3226 GLMV.
469 3202 502 3211 -
526 3175 560 3224 20
584 3170 631 3224 καὶ
660 3172 693 3225 ού
718 3170 894 3239 μάνου-22
918 3168 1072 3237 δοθήσεται
1094 3187 1146 3226 om.
1163 3171 1192 3224 L.

182 3274 216 3283 -
235 3248 267 3296 21
288 3242 434 3367 ἀμην-22
454 3241 608 3310 δοθήσεται
630 3259 681 3297 om.
702 3243 781 3296 codd.
799 3248 910 3313 praeter
922 3241 1004 3296 APV.
1023 3273 1057 3282 -
1077 3247 1111 3295 22
1130 3243 1196 3312 ἐρη-

182 3315 292 3382 μώσεως
362 3357 367 3366 .

254 3458 269 3504 3
289 3451 624 3522 έξολοθρευθήσεται-ύ
643 3451 802 3524 ἑβδομάδας
823 3470 873 3508 om.
892 3453 915 3507 P
937 3471 971 3509 ιω
987 3455 1138 3510 δοτυοκυλελ.
1160 3486 1195 3496 -

184 3528 216 3575 12
236 3521 372 3595 εύοίβιιος
389 3524 419 3578 P.
444 3554 477 3563 -
504 3527 536 3574 13
555 3521 586 3576 δὲ
605 3539 656 3576 om.
674 3522 704 3575 P.
729 3553 763 3564 -
785 3527 898 3586 πολλοῖς
915 3543 984 3594 φησι
1002 3525 1024 3578 Ρ
1042 3527 1124 3596 (φησι
1140 3543 1194 3582 σοι.

182 3591 305 3664 Τδισοδ.)Ι
325 3626 358 3635 -
378 3599 412 3647 20
431 3590 524 3660 ἐκείνη
543 3592 612 3660 φησὶ
629 3592 808 3660 παυθήσεται
825 3594 961 3650 PTheod.
