2617 3909
529 235 718 287 XPONIKON
791 201 798 216 '
847 310 852 323 ρ
1063 235 1130 299 239

114 403 208 460 μενοι.
254 378 273 460 ἡ
298 379 329 442 δὲ
357 383 472 462 τεχνικὴ
496 383 661 463 προφητεία
683 381 764 464 παρὰ
791 383 901 464 ἰατροῖς
924 382 974 444 καὶ
997 385 1130 464 συμβού-

112 485 177 552 λοις
199 477 250 540 καλ
272 480 478 561 κυβερνήταις·
503 481 535 541 οἱ
555 477 608 559 μὲν
631 479 687 560 γὰρ
710 479 873 562 ἀρρωστίας
895 480 945 542 καί
963 480 1015 554 τὰς
1033 482 1131 555 λύσεις

112 577 228 638 τούτων
250 575 455 658 προλέγουσιν,
476 579 508 640 οί
529 575 560 638 δὲ
584 578 760 657 πνευμάτων
784 579 954 659 μεταβολάς,
978 580 1010 640 οί
1026 578 1058 642 δὲ
1075 587 1130 641 τοῦ

113 673 269 753 μέλλοντος
297 673 413 736 συνέσει
440 677 727 756 καταστοχαζόμενοι.
773 673 792 754 ή
822 674 853 737 δὲ
881 676 967 755 κοινῆ
1000 677 1050 738 καλ
1077 677 1130 756 δη·
1207 718 1210 723 -

113 773 217 850 μώδης
239 781 292 833 τοῦ
316 771 470 852 μέλλοντος
492 783 614 855 γνῶσις,
637 769 703 835 οἷον
727 774 771 835 ὅτι
799 773 869 853 μετὰ
894 784 991 854 μῆνας
1013 781 1090 855 τρεῖς
1112 772 1129 835 6
1157 796 1170 836 ι

112 868 222 950 χειμὼν
244 871 366 951 γίνεται·
390 872 497 945 πάντες
519 871 575 953 γὰρ
596 871 696 952 ἔχουσι
713 870 765 944 τὰς
783 871 816 934 ἐκ
833 872 981 954 περιόδων
999 873 1129 955 προρρή-

114 985 182 1040 σεις.
229 965 318 1029 οὐδὲν
341 961 397 1030 οὖν
421 967 494 1050 μέγα
517 967 566 1030 καλ
590 969 734 1049 δαίμονας
755 969 924 1051 πρόγνωσιν
943 969 1028 1050 ἔχειν,
1052 970 1132 1032 ὅπου

111 1088 146 1147 γε
169 1064 219 1126 καί
241 1066 392 1146 μύρμηκες
415 1066 542 1147 ἔχουσιν,
565 1066 615 1128 καλ
638 1065 731 1129 δεινοί
753 1065 911 1148 ἅνθρωποι
933 1077 986 1129 τοῦ
1008 1066 1129 1146 μέλλον-

113 1185 164 1236 τος
196 1166 426 1244 καταστοχασταί
454 1165 544 1244 είσιν,
577 1159 639 1226 ἀλλ’
673 1164 728 1245 ούχ
759 1163 799 1237 ὡς
830 1165 948 1239 πάντως
980 1163 1001 1245 ή
1024 1167 1129 1226 ,πάντα

112 1259 239 1341 εἰδέναι,
267 1261 329 1323 ἐπεί
356 1261 406 1324 καλ
432 1260 448 1323 6
472 1263 609 1344 διάβολος
636 1262 868 1343 προεφήτευσεν·
897 1272 950 1323 τού
973 1264 1128 1343 γινώσκειν
1142 1285 1169 1325 ιο

112 1358 205 1420 καλὸν
240 1358 291 1420 καλ
326 1362 475 1443 πονηρόν,
507 1359 557 1421 καί
589 1358 709 1442 ἐγένετο.
755 1359 805 1420 καλ
836 1360 925 1420 πόλιν
957 1359 973 1422 6
1004 1360 1129 1440 Βαλαὰμ

110 1462 252 1537 προεῖπεν
280 1457 336 1518 ότι’
365 1457 478 1537 πόρνας
503 1466 626 1536 στῆσον,
653 1456 705 1518 καί
726 1457 947 1539 προδοθήσεται
970 1453 1010 1519 δι’
1036 1457 1128 1531 αὐτὰς

111 1551 128 1615 6
153 1554 276 1635 Ἰσραήλ,
298 1554 348 1616 καλ
371 1554 484 1636 ἐγένετο
507 1554 609 1628 ούτως.
656 1555 726 1636 ὅπερ
751 1555 911 1636 στοχασμός
934 1555 993 1617 ἔστι
1016 1562 1128 1636 μᾶλλον

110 1650 132 1732 ή
165 1651 340 1734 πρόρρησις,
377 1651 471 1732 μηδὲν
506 1652 677 1733 παράδοξον
713 1654 748 1714 αί
781 1663 913 1715 τοιαῦται
948 1660 1128 1736 προφητεῖαι

110 1749 238 1830 ἔχουσαι.
1128 1770 1167 1814 ἰε

451 1845 518 1930 [ιη’.
551 1846 639 1930 Περὶ
660 1843 790 1928 Ἀμώς]

179 1980 268 2042 Μετὰ
290 1979 323 2043 δὲ
345 1986 519 2063 Μανασσῆν
542 1981 728 2063 ἐβασίλευσεν
748 1978 843 2062 Ἀμὼς
870 1982 937 2055 υίὸς
960 1983 1053 2044 αὐτοῦ
1076 1982 1126 2044 καί

109 2079 229 2157 ἐποίησε
251 2079 284 2140 τὸ
307 2079 441 2161 πονηρὸν
464 2079 592 2141 ἐνώπιον
614 2081 720 2161 κυρίου
740 2078 791 2140 καί
813 2078 929 2160 ἐσφάγη
947 2078 980 2141 ἐν
998 2086 1037 2163 τῷ
1053 2081 1125 2164 οίκφ

109 2177 204 2239 αύτού
226 2178 401 2258 βασιλεύσας
424 2177 473 2256 ἔτη
495 2175 537 2258 β’.

172 2270 272 2347 ’Ἀξιου
295 2276 398 2336 τοίνυν
420 2275 605 2356 ἕπαπορῆσαι
627 2275 658 2336 τί
679 2274 787 2353 δήποτε
808 2273 861 2335 τὸν
888 2273 941 2354 μὲν
964 2276 1124 2356 Ναβουγο-
1140 2297 1167 2338 ιο
1181 2300 1221 2339 ιιι
1234 2299 1266 2338 οι,

110 2371 244 2453 δονόσωρ
266 2372 317 2433 καί
334 2373 387 2436 τὸν
405 2377 578 2452 Μανασσῆν
602 2370 618 2433 6
638 2373 711 2445 θεὸς
729 2372 891 2446 παιδεύσας
908 2373 950 2444 εἰς
968 2371 1023 2450 τήν
1041 2375 1126 2453 βασι-

109 2471 192 2532 λείαν
218 2470 328 2542 αύτούς
356 2469 523 2552 ἐπανήγαγε
550 2471 654 2550 πόλιν,
684 2470 737 2532 τὸν
765 2467 797 2531 δὲ
818 2470 972 2552 Βαλτάσαρ
1001 2469 1052 2531 καλ
1073 2469 1127 2532 τὸν

107 2565 204 2648 Ἀμὼς
236 2568 341 2630 αύτίκα
373 2578 425 2649 τῆς
457 2569 606 2650 βασιλείας
633 2567 683 2630 καί
711 2577 764 2647 τῆς
791 2570 867 2648 ζωῆς
894 2568 1048 2649 αἰσχίστως
1075 2567 1126 2630 καί

183 2763 216 2811 10
236 2757 302 2811 Gen.
319 2762 343 2824 3,
359 2762 383 2812 ε.
399 2789 432 2798 -
453 2763 485 2812 12
505 2757 586 2812 Num.
603 2763 645 2825 ει,
662 2763 702 2811 14.
719 2789 752 2797 -
772 2762 877 2827 εο-ρ.
893 2763 953 2825 240,
967 2763 1001 2812 14
1015 2758 1125 2813 Eadem
1216 2809 1220 2823 ,

109 2829 277 2883 Τλοεοᾶοοελ.
297 2829 327 2883 in
345 2828 416 2882 Dan.
432 2835 462 2897 5,
481 2834 516 2883 28
537 2829 729 2900 MigneTom.
745 2834 793 2894 81,
809 2829 910 2883 1³92ss
929 2830 962 2884 de
980 2831 1046 2884 εοίίε
1063 2830 1125 2884 Να-

109 2901 327 2957 όκιλοάοκοεονε
345 2907 370 2954 et
388 2901 543 2956 Βοίιοοννε.

183 3083 197 3131 1
218 3075 365 3151 συμβόλοις
383 3077 462 3132 codd
474 3084 584 3147 praeter
597 3077 623 3130 A
641 3085 666 3132 et
680 3077 783 3131 Suidae
801 3075 881 3131 codd
896 3077 1125 3166 praestantiores.

108 3151 148 3204 Ινι
168 3149 190 3202 P
212 3169 230 3202 υ
253 3166 321 3204 eras
340 3167 374 3204 m.
394 3155 410 3203 1
434 3156 465 3204 ιιί
486 3150 605 3204 υίό-
631 3154 646 3202 9
670 3148 802 3290 πρλλολκις
824 3147 1080 3219 καταστοχόζονται
1102 3148 1124 3201 L
1163 3185 1168 3199 .

110 3220 430 3292 καταστογόζονταιΡ(
421 3217 685 3291 (λπγεστογασταίῦ
787 3224 820 3272 15
840 3218 855 3273 ἔ
872 3236 951 3272 ουσιν
970 3219 991 3270 F
1009 3225 1035 3273 εί
1051 3235 1123 3273 rece.

109 3292 228 3361 quidam
255 3291 466 3346 ἔουσανΡ.-
487 3297 520 3382 ¹,7
540 3291 667 3360 μανασσή
668 3312 684 3345 ν
650 3223 891 3360 ήΑΒΟΒΡίλΜ
909 3289 1072 3360 μανναοσήν
1088 3289 1123 3344 Η.

109 3363 221 3417 -ἀ
184 3313 466 3431 μῶςόΟΕῊΙΜ
439 3363 477 3431 ἀμ
479 3363 535 3431 μὼς
552 3361 606 3416 BR
628 3369 653 3417 et
676 3379 715 3418 οιο
732 3363 788 3429 sere
805 3362 995 3429 ἀκικοεμο.-
1019 3366 1052 3415 21
1072 3381 1123 3430 μα-

110 3432 218 3502 υασσήυ
237 3431 377 3488 ACDGM
400 3433 563 3504 μαννασσήυ
581 3433 631 3486 FH
653 3432 831 3503 μανασσήΒ.

117 3660 127 3678 ,
184 3615 216 3663 13
233 3609 345 3680 γέγονεν
358 3611 381 3664 Ρ
395 3617 420 3666 ει
433 3610 537 3664 ὃοίᾶοε
552 3610 631 3664 codd.
642 3610 773 3666 meliores
783 3609 879 3680 Chrys.
892 3641 925 3652 -
941 3616 974 3663 22
989 3611 1083 3666 αὐτῶν
1091 3609 1121 3664 Ρ,
