2617 3909
410 169 412 178 '
517 222 706 275 XPONIKON
1055 218 1121 282 283

104 373 200 434 αὐτοῦ
224 368 264 444 ὦς
287 369 339 443 τὰς
366 367 477 451 ἡμέρας
503 380 556 432 τοῦ
584 369 723 451 οὐρανοῦ.
769 370 863 443 οὔσας
885 363 942 432 οὖν
964 367 1014 430 καλ
1036 370 1121 449 βασι-

104 470 173 544 λεὺς
197 467 355 549 διέμεινεν,
383 468 411 530 εἰ
436 467 486 529 καλ
509 468 550 548 μὴ
572 467 608 528 τά
630 477 765 549 σκῆπτρα
790 477 844 548 τῆς
863 463 1009 541 Ἰουδαίας
1031 464 1121 548 παρέ-

104 570 206 649 λαβεν,
229 565 279 627 καλ
302 565 439 647 βασιλεὺς
461 566 559 645 πάσης
581 574 634 646 τῆς
657 576 712 647 γῆς
734 565 827 646 ἔστιν,
856 563 897 639 ὡς
918 565 1005 646 θεός,
1027 563 1078 626 καλ
1100 561 1120 643 ἡ

104 665 224 748 εὐλογία
250 673 304 726 τοῦ
328 658 433 745 Ἰακὼβ
461 663 645 745 ἐβεβαιώθη,
677 663 728 725 καλ
754 664 998 746 ἐνευλογήθησαν
1024 662 1057 724 ἐν
1084 668 1123 747 τῷ

44 837 46 842 Α
104 761 247 844 σπέρματι
278 761 372 823 αὐτοῦ
403 771 495 824 πᾶσαι
526 763 561 822 αἱ
588 761 682 840 φυλαὶ
708 770 760 842 τῆς
787 772 857 844 γῆς,
883 761 934 824 καλ
960 762 1058 823 πάντα
1084 759 1120 821 τὰ
1147 779 1160 820 ο

102 861 183 939 ἔθνη
207 869 385 941 μακαριοῦσι
407 858 458 921 τὸν
480 861 618 942 Χριστόν.

164 954 230 1019 Ἵνα
258 955 289 1020 δὲ
317 956 497 1040 σαφέστερον
524 956 659 1039 γένηται,
686 955 793 1037 πῶςὴ
820 958 949 1040 ἱερατιινη
975 957 1061 1039 ἐμίγη
1084 967 1119 1042 ιη

103 1057 258 1141 βασιλικῇ,
285 1054 412 1135 λέξωμεν
440 1056 546 1129 οὕτως·
571 1053 586 1116 6
610 1054 664 1136 μὲν
691 1049 747 1118 οὖν
767 1050 881 1129 Ἰούδας
908 1055 1046 1138 ἐγέννησε
1068 1055 1120 1117 τὸν

106 1152 214 1236 Φαράς,
237 1151 253 1214 6
276 1151 308 1215 δὲ
333 1151 433 1235 Φαρὲς
456 1154 508 1217 τὸν
527 1149 653 1236 Ἑσρώμ,
677 1151 693 1214 6
715 1153 747 1216 δὲ
767 1149 884 1235 Ἐσρὼμ
905 1153 958 1215 τὸν
977 1149 1080 1237 Ἀράμ,
1104 1153 1121 1216 6

100 1251 135 1315 δὲ
155 1247 249 1334 Ἀρδιμ
274 1250 326 1312 τὸν
349 1245 529 1332 Ἀμιναδάμ,
555 1250 570 1313 6
595 1250 627 1314 δὲ
646 1247 813 1332 Ἀμιναδδιμ
839 1252 891 1315 τὸν
913 1252 1080 1332 Ναασσών,
1104 1250 1161 1314 61⁰

101 1349 137 1413 δὲ
155 1347 307 1412 Ναασσδον
325 1349 377 1412 τὸν
395 1350 535 1429 Σαλμών,
555 1347 570 1410 6
589 1348 622 1412 δὲ
639 1350 769 1430 Σαλμὼν
787 1351 839 1413 τὸν
855 1349 942 1430 Βοόζ,
961 1349 976 1412 6
996 1348 1028 1412 δὲ
1045 1349 1124 1423 Βοὸζ

102 1449 156 1512 τὸν
176 1442 283 1528 Ὠβήδ,
312 1446 333 1509 6·
352 1445 384 1508 δὲ
404 1441 501 1528 Ώβηδ
522 1447 574 1510 τὸν
596 1449 708 1529 Ἰεσσαί,
730 1446 747 1509 6
770 1447 803 1510 δὲ
823 1444 927 1509 Ἰεσσαὶ
948 1446 1048 1510 Δαυλδ
1069 1447 1121 1510 τὸν

102 1544 233 1627 βασιλέα.
269 1543 332 1606 ἐπεὶ
352 1537 408 1607 οὖν
427 1544 442 1607 6
461 1545 613 1607 Ναασσὼν
635 1546 702 1620 υἱὸς
724 1539 835 1626 ἦνεοῦ
854 1541 1030 1627 Ἀμιναδάμ,
1053 1547 1121 1608 τοά-

104 1667 159 1706 του
173 1643 228 1722 τὴν
241 1642 376 1722 άδελφὴν
391 1638 542 1724 Ἐλισάβευ
555 1642 680 1726 ἠγάγετο
695 1650 823 1725 γυναῖκα
836 1643 852 1707 6
868 1641 957 1725 μάγας
971 1643 1121 1726 ἀρχιερεὺς

100 1739 218 1824 Ἀαρὼν
237 1739 366 1819 ἀδελφὸς
383 1739 540 1814 Μωϋσέας
558 1741 591 1804 ἐκ
610 1747 708 1822 φυλῆς
726 1742 868 1825 ὑπάρχων
885 1753 938 1805 τοῦ
952 1747 1038 1805 Λευΐ.
1070 1742 1121 1804 καλ
1134 1761 1160 1800 ιε

104 1838 206 1919 μέντοι
228 1836 279 1899 καλ
302 1837 319 1900 6
336 1837 493 1913 θεσπέσιος
514 1840 650 1922 λεράρχης
665 1835 765 1903 Ἰωδαὲ
783 1846 882 1920 φυλῆς
905 1838 948 1902 ὢν
969 1851 1023 1921 τῆς
1040 1846 1122 1903 Λευ-

102 1946 199 2018 ιτιιιῆς
221 1935 344 2019 ἠγάγετο
367 1943 495 2018 γυναῖκα
518 1938 573 2017 τὴν
595 1937 730 2018 ἀδελφὴν
750 1934 881 2020 Ὀχοζίου
904 1944 1004 2020 φυλῆς
1026 1931 1121 2003 οὖσαν
1135 1958 1175 1999 εοε
1189 1956 1220 1997 οε.

102 2046 159 2098 τοῦ
175 2031 281 2097 Ἰούδα.
318 2033 482 2096 κάντεῦθεν
505 2035 610 2097 λοιπὸν
627 2033 647 2115 η
667 2036 803 2116 βασιλινη
825 2045 860 2120 τῇ
875 2042 1019 2122 Λευιτικῇ
1039 2042 1120 2121 φυλῇ

101 2139 297 2214 συμμιγεῖσα,
335 2132 412 2212 μάλα
446 2155 479 2214 γε
514 2132 634 2207 εἰκότως
666 2131 682 2195 6
714 2134 817 2213 κύριος
848 2133 880 2194 ἐκ
913 2135 1038 2214 Μαρίας
1069 2144 1121 2213 τῆς

101 2229 260 2312 παρθένου
292 2228 343 2292 καλ
374 2229 448 2291 αατδι
479 2230 573 2312 σάρκα
601 2230 711 2312 μητρὸς
737 2230 830 2292 αὐτοῦ
857 2232 1122 2312 γενεαλογούμενος
1135 2261 1162 2300 2⁰

103 2329 184 2391 οὕτω
207 2327 344 2409 βασιλεὺς
366 2326 416 2388 καλ
439 2327 533 2410 ἱερεὺς
554 2329 598 2402 εἰς
620 2329 656 2390 τὰ
678 2329 752 2410 πρὸς
775 2328 826 2390 τὸν
852 2329 943 2408 θεόν,
969 2328 1009 2403 ὡς
1032 2329 1120 2410 ἔφην,

102 2426 279 2508 ἀνθρώποις
306 2423 509 2488 άναδέδεικιαι
536 2425 587 2487 καλ
613 2426 771 2509 προδήλως
792 2426 963 2508 κηρύσσεται
984 2426 1121 2506 βασιλεὺς

120 2589 122 2592 ’
179 2596 195 2643 4
215 2588 282 2643 Gen.
298 2594 341 2654 22,
356 2592 398 2642 18.
419 2619 452 2628 -
472 2593 488 2641 8
506 2590 540 2656 cf.
556 2587 621 2643 Luc.
637 2594 663 2658 3,
678 2594 725 2655 323
740 2594 782 2642 33.

178 2746 192 2794 1
213 2740 261 2811 ὡς]
281 2737 332 2803 ἕως
350 2739 410 2793 BR.
430 2771 465 2780 —-
484 2733 566 2802 οὗτος
583 2739 703 2795 BNRV.
722 2771 757 2782 -
776 2746 792 2793 2
810 2741 859 2794 καλ
877 2739 913 2794 τά
931 2738 968 2830 μὴ
986 2739 1121 2808 σκῆπτ.Β

100 2813 142 2883 μὴ
161 2829 212 2867 om.
226 2811 259 2865 R.
285 2843 318 2851 -
343 2817 358 2866 3
378 2818 428 2882 γῆς
450 2811 488 2873 ὡς
509 2809 579 2874 θεάς
600 2812 674 2866 ἐστιν
692 2812 727 2865 N.
752 2843 785 2853 -
809 2817 827 2864 4
846 2812 958 2881 εὐλαγια
976 2810 1024 2864 PR
1046 2811 1120 2865 ἐλευ-

101 2880 191 2952 θερία
213 2882 274 2938 rell.
303 2915 338 2922 —
365 2878 452 2936 8οδν
476 2899 525 2937 om.
546 2883 626 2937 codd.
646 2890 755 2952 praeter
777 2883 833 2937 ΑΡ.
861 2914 895 2923 -
924 2887 958 2936 10
976 2881 1121 2953 άμιναδάβ

103 2953 223 3026 (άμιδάβ
236 2954 272 3022 Η)
287 2953 340 3007 AN
362 2954 515 3023 άμηναδάμ
533 2954 563 3006 P.
578 2986 612 2996 -
631 2954 754 3010 ναασσόν
773 2953 794 3008 O
816 2952 969 3008 άασσάνΙι
992 2957 1121 3007 ναάσσῶν

104 3027 190 3120 ηλλιγο
205 3027 270 3093 loco,
284 3027 369 3080 altero
383 3024 496 3079 άασσῶυ
509 3025 539 3078 P.
556 3057 590 3065 -
610 3031 642 3081 11
658 3026 731 3098 βοώζ
741 3025 776 3079 N.
792 3056 826 3065 -
841 3023 919 3096 ὡβήδ
931 3023 992 3076 ΗΜ
1012 3022 1082 3094 ὀβήσ
1096 3021 1122 3075 Α

104 3096 325 3223 λλλλῗαλλλῖ
335 3094 1122 3236 5⁶03{33:6116262‘566}¹3'555556662231

104 3237 199 3310 ναδάβ
212 3237 295 3292 ADH
318 3237 470 3310 ἀμηναδάβ
483 3239 519 3292 Μ.
535 3269 569 3280 -
589 3244 622 3293 1⁷
642 3236 753 3310 ὁγοζίου
766 3237 876 3292 AFHL.
891 3268 925 3278 -
946 3242 979 3290 18
997 3235 1015 3305 ἡ
1031 3238 1119 3307 βασιλ.

105 3309 181 3380 φυλὴ
200 3317 364 3380 συμμιγεῑσα
382 3316 415 3380 τῇ
434 3313 556 3380 λευϊτιιιῇ
575 3310 656 3364 codd.
669 3317 778 3380 praeter
796 3309 852 3363 ΑΡ.

179 3466 193 3514 7
213 3459 230 3530 ἡ
250 3460 300 3529 δερ.
320 3460 392 3530 φυλὴ
412 3462 442 3514 Ρ.
462 3491 496 3500 -
515 3466 531 3515 8
551 3459 649 3532 οὕτως]
669 3463 718 3516 καλ
735 3461 814 3531 ἡμεῖς
831 3459 861 3512 Ρ.
886 3491 920 3499 -
945 3465 978 3513 14
998 3457 1122 3584 ἐλισάβετ

105 3534 137 3588 ἐκ
155 3535 246 3601 φυλῆς
264 3533 349 3587 lewa
366 3531 506 3588 πέλουσαν
524 3531 555 3585 Ρ.
575 3561 609 3572 -
628 3538 662 3585 21
682 3533 766 3604 ἔφην]
786 3530 895 3600 εἴρηται
912 3529 942 3584 Ρ.
962 3561 996 3570 -
1016 3536 1050 3583 22

104 3608 223 3673 θροπος
240 3603 270 3657 P.
295 3635 329 3643 -
352 3608 433 3673 προδ.
452 3603 673 3674 πραιηράττεται
696 3606 745 3659 καλ
768 3602 924 3672 εὑρίσκεται
943 3603 1072 3674 βασιλεὺς
1088 3601 1119 3656 Ρ.
