2617 3909
164 215 231 281 340
477 217 663 268 mmor
681 215 865 268 Momor

166 364 202 426 τά
224 374 283 426 τῶν
306 363 487 447 ἀνθρώπων,
511 366 652 445 συζυγίαν
676 363 725 424 καὶ
747 364 927 444 παρθενίαν,
950 363 999 424 ῖνα
1023 360 1040 423 ό
1064 361 1107 442 μή
1132 363 1189 424 δυ-

166 463 292 542 νάμενος
323 462 493 543 ὑπενεγκεῖν
520 462 552 524 τὸ
575 471 628 541 τῆς
650 461 816 543 παρθενίας
839 459 889 522 καὶ
912 459 1064 539 ἀσκήσεως
1087 455 1190 522 ἆθλον

163 561 240 645 ἔλθῃ
267 561 310 634 είς
337 561 511 639 συνοίκησιν
537 560 679 641 γυναικὸς
705 559 799 621 έκεῖνο
823 559 924 639 είδεός,
947 557 988 632 ὡς
1010 556 1190 638 ἀπαιτηθή-

167 676 246 720 σεται
273 658 361 739 λόγον
388 658 587 739 σωφροσύνης
615 657 667 720 καλ
693 656 840 739 ἀγιασμοῢ
867 656 917 718 καλ
939 667 992 737 τῆς
1014 657 1091 738 πρὸς
1115 657 1190 730 τοὺς

139 756 199 820 τίν’
226 757 377 836 συζυγίαις
404 755 454 816 καλ
480 756 702 837 τεκνοτροφίαις
729 753 833 836 ἁγίους
861 752 1010 834 ὁμοίωσιν.
1056 749 1123 829 οἷος
1149 746 1190 834 ἦν

166 853 199 916 έν
222 850 276 932 μέν
298 862 332 938 τῆ
356 859 467 937 παλαιᾷ
491 854 624 937 διαθήκῃ
643 848 791 934 Ἁβραάμ,
819 849 852 927 ὃς
875 864 910 938 τῆ
934 863 987 915 τοῦ
1009 859 1088 914 θεοῦ
1111 875 1189 934 προ-

167 951 281 1030 τιμήσει
302 951 355 1014 τόν
373 961 519 1033 μονογενῆ
542 952 696 1024 θυσιάζων
718 949 906 1030 ἀσυμπαθῶς
928 951 1118 1033 ἐμεγαλαόχει
1136 951 1190 1013 καῖ

167 1047 219 1122 τὰς
250 1058 303 1129 τῆς
335 1059 447 1129 σκηνῆς
474 1049 568 1110 αὐτοῦ
595 1049 695 1129 θύρας
722 1049 991 1128 διαπεπετασμένας
1019 1043 1077 1129 εἶχε
1110 1049 1190 1130 πρὸς

166 1146 319 1228 ὑποδοχήν
341 1157 400 1208 τῶν
428 1146 637 1221 ἐπιξενοῦσθαι
664 1147 828 1225 μελλόντων
850 1145 1081 1225 έτοιμαζόμευος.
1129 1145 1190 1208 οόκ

128 1268 153 1310 ιο
167 1244 313 1325 ήκουσαν·
338 1246 477 1325 πώλησόν
500 1262 555 1306 σου
577 1244 613 1306 τὰ
635 1244 805 1324 ὑπάρχοντα
827 1243 877 1306 καῖ
899 1243 951 1318 όὸς
974 1250 1112 1324 πτωχοῖς,
1136 1243 1189 1304 καὶ
1280 1254 1281 1278 ¹

166 1343 202 1406 τά
230 1346 348 1424 μείζονα
375 1344 487 1406 τούτων
514 1343 698 1417 έπεδείξαπο
717 1335 851 1424 Ἁβραάμ
877 1341 927 1405 καλ
952 1336 1018 1422 Ἰὼβ
1047 1340 1099 1402 καλ
1123 1347 1188 1402 Σα-

168 1442 264 1522 μουήλ
291 1441 342 1503 καλ
368 1441 467 1503 Δαυῖδ
496 1441 546 1502 καὶ
573 1440 665 1523 ἕτεροι
692 1445 827 1502 πλεῖστοι.
873 1439 906 1501 έν
928 1437 961 1500 δὲ
983 1448 1019 1526 τῆ
1043 1438 1097 1524 νέᾳ
1121 1441 1188 1502 δια-

167 1540 251 1622 θήκῃ
274 1534 338 1613 οίος
361 1531 400 1617 ῆν
418 1538 531 1622 Πέτρος
554 1539 604 1601 καλ
626 1539 659 1600 οῖ
679 1536 777 1599 λοιπολ
798 1547 858 1599 τῶν
878 1537 1059 1599 ἀποστόλων.
1096 1537 1188 1600 ἀπαι-

167 1637 329 1716 τηθήσεται
359 1636 415 1718 γὰρ
442 1646 501 1711 πᾶς
527 1637 598 1711 τοὺς
624 1635 758 1717 καρποὺς
785 1645 838 1716 τῆς
864 1636 939 1718 πρὸς
965 1635 1040 1697 θεὸν
1067 1635 1188 1718 ἀγάπης

128 1733 218 1798 τεκαὶ
244 1734 296 1795 τόν
321 1736 448 1813 πλησίον
470 1733 520 1795 καλ
541 1744 595 1814 τῆς
616 1743 808 1815 παρατροπῆς
831 1743 890 1794 τῶν
913 1733 1039 1795 ἐντολῶν
1062 1735 1187 1796 τούτων.
1285 1736 1286 1753 ’

168 1830 243 1912 φησί
270 1832 326 1914 γὰρ
354 1830 371 1893 ό
397 1833 512 1914 κύριος·
543 1832 560 1895 ό
582 1832 707 1914 ἀγαπῶν
729 1829 839 1912 πατέρα
861 1829 881 1911 ή
905 1830 1014 1912 μητέρα
1036 1829 1114 1913 ὑπὲρ
1137 1832 1152 1895 έ
1176 1831 1184 1854 “
1286 1832 1287 1849 ’

168 1928 225 1992 οάκ
247 1930 306 1992 ἔστι
329 1954 388 2010 μου
410 1928 500 2004 ἀξιος.
545 1932 606 1991 καί·
634 1927 667 2004 ὃς
690 1930 727 1992 οὐ
751 1935 833 2009 μισεῖ
850 1929 901 1990 τὸν
923 1927 1033 2012 πατέρα
1056 1929 1108 1991 καλ
1132 1930 1187 2010 τήν

170 2027 280 2109 μητέρα
302 2027 395 2090 αὐτοῦ
418 2027 469 2089 καλ
490 2029 546 2108 τὴν
568 2034 696 2110 γυναῖκα
718 2028 768 2089 καί
791 2027 826 2088 τά
845 2026 933 2089 τέκνα
951 2028 992 2089 έτι
1010 2027 1042 2089 όὲ
1061 2028 1113 2090 καλ
1131 2029 1187 2108 τήν

169 2125 276 2187 ἑαυτοῦ
308 2125 411 2206 ψυχήν
443 2126 480 2187 οό
512 2126 638 2187 δύναταί
668 2148 726 2205 μου
755 2120 831 2186 εἶναι
859 2126 1006 2206 μαθητής.
1052 2121 1112 2209 ἀρά
1141 2145 1187 2189 σοι

129 2246 156 2286 εο
172 2224 257 2285 δοκεῖ
279 2223 330 2285 καλ
356 2223 551 2305 ὑπογυναίοις
577 2229 732 2284 τεθεῖσθαι
754 2222 790 2284 τά
812 2222 987 2305 εόαγγέλιας,
1008 2223 1076 2284 ἰδοὺ
1100 2243 1187 2286 σεσα-

170 2322 314 2400 φήυισταί
344 2339 391 2382 σοι
423 2319 463 2395 ὡς
493 2320 609 2395 πάντες
637 2319 795 2401 άνθρωποι
826 2320 1099 2401 ἀπαιτηθησόμεθα
1132 2322 1187 2402 τήν

169 2419 244 2499 πρὸς
266 2421 298 2482 τό
321 2418 491 2501 εὐαγγέλιον
512 2417 650 2497 ὑπακοήν
669 2419 794 2498 μουαχοί
810 2440 839 2478 τε
858 2417 908 2479 καλ
925 2418 958 2478 οῖ
974 2417 1006 2479 ἐν
1024 2420 1186 2500 συζυγίαις.

169 2515 284 2597 ἀρκέσει
306 2515 362 2597 γὰρ
384 2523 423 2600 τῷ
443 2516 490 2577 έπλ
512 2517 609 2598 γάμον
627 2515 746 2578 ἐλθόντι
764 2516 806 2589 είς
825 2516 1004 2597 συγγνώμην
1022 2526 1076 2595 τῆς
1095 2515 1186 2598 ἀκρα-

242 2669 515 2738 10Matth.19‚21.
535 2702 569 2710 -
589 2675 622 2723 1ss
640 2669 742 2723 Matth.
764 2674 811 2737 10,
825 2674 867 2722 ετ.
889 2701 920 2708 -
942 2675 974 2723 ιτ
994 2668 1059 2724 Luc.
1079 2675 1127 2738 14,
1144 2676 1185 2724 τε.

243 2817 257 2865 1
278 2807 391 2881 συζυγία
409 2812 459 2865 καλ
475 2808 621 2879 παρθευία
642 2811 777 2866 OEFRV.
801 2843 835 2850 -
861 2817 877 2864 3
898 2811 976 2865 ἔλθοι
1000 2811 1126 2866 NVBas.
1153 2845 1184 2852 -

171 2889 188 2938 4
206 2883 257 2953 τῆν
271 2883 297 2936 R
315 2891 340 2939 et
352 2902 386 2938 m.
401 2887 421 2938 2
433 2882 458 2935 D
469 2883 597 2952 (Amet).
612 2915 646 2923 —
667 2889 682 2937 6
698 2881 831 2952 ὁμοίωσιν
850 2882 929 2936 codd.
945 2889 969 2937 et
981 2882 1048 2936 Exc.
1065 2883 1185 2953 (Αωοεῒι)

171 2958 232 3026 (τῆς
241 2987 273 2996 -
285 2953 440 3024 ὁμοιώσεως
453 2953 558 3023 Βαάλ).
573 2986 609 2994 -
627 2960 644 3009 8
661 2952 884 3021 θιατετασμέυας
897 2952 950 3006 ΒΕ
968 2953 1144 3023 πετασμέυας
1157 2955 1186 3008 Μ

170 3025 344 3088 διαπετάσας
357 3025 412 3079 CF.
428 3058 463 3065 -
481 3031 497 3078 9
513 3025 639 3095 ἑτοιμαζο
661 3024 741 3088 έυους
755 3024 831 3079 CEV
849 3022 1063 3094 ἑτοιμαζομέυας
1077 3025 1135 3078 BF.
1152 3058 1184 3066 -

172 3104 206 3153 10
225 3096 343 3165 ήκουσευ
357 3097 474 3151 ΒΒοείΙ.
494 3096 617 3164 ήκουσας
654 3113 696 3150 xc.
716 3095 840 3164 ήκουσαν
856 3094 1022 3151 τοΙΙ.Αωεελ.
1038 3128 1072 3136 -
1089 3103 1121 3151 11
1138 3097 1186 3151 έπ-

171 3165 330 3234 εδεῖξατοΔ
346 3166 519 3234 ἐνεδείξαντο
534 3167 599 3222 Exc.
619 3167 805 3235 διεπράξαντο
817 3167 871 3222 OF.
888 3198 921 3206 —
933 3163 1008 3238 Ἰὼβ]
1023 3167 1113 3240 ίακὼβ
1126 3167 1185 3222 MR

171 3241 269 3295 Anast.
288 3241 337 3295 καλ
352 3240 403 3311 ίὼβ
417 3257 467 3294 om.
482 3239 547 3293 Exn.
564 3271 598 3278 —
616 3245 648 3293 15
662 3239 725 3310 τὸν]
739 3247 795 3293 τῶν
808 3238 858 3293 BV
875 3246 925 3292 τοῦ
939 3238 969 3292 F.
985 3270 1019 3278 —
1035 3244 1077 3294 1⁷.
1089 3246 1122 3294 18
1136 3240 1187 3296 τὸν

171 3310 280 3379 πατέρα
299 3312 385 3365 αὐτοῦ
404 3311 452 3364 καλ
470 3310 520 3379 τὴν
540 3330 600 3379 μήτ.
615 3310 699 3364 mlh
719 3311 806 3364 αὐτοῦ
820 3327 870 3365 om.
885 3309 937 3363 FP.
955 3341 989 3348 -
1009 3315 1043 3363 20
1062 3311 1118 3368 ὑπὸ
1137 3331 1186 3380 γυ-

172 3380 265 3441 ναίοις
277 3380 414 3435 BDFLV.
431 3413 464 3421 -
484 3386 517 3434 21
537 3379 754 3449 άπαιτησόμεθα
767 3381 865 3434 RExc.
885 3380 942 3434 ἀπὸ
958 3378 1141 3452 τεθησόμεθα
1155 3382 1185 3435 P.

173 3456 207 3502 23
226 3450 267 3510 είς
285 3451 461 3522 συγγνώμην]
480 3451 498 3520 ῆ
518 3453 663 3520 συγγνώμη
683 3451 754 3504 FLR
763 3452 902 3506 EmBaS.
913 3452 1010 3505 Anast.

245 3593 262 3639 3
280 3588 331 3659 είς]
351 3590 395 3642 έπλ
413 3590 435 3641 Ρ
445 3590 508 3643 Bas.
518 3591 615 3644 Anast.
