2617 3909
502 232 691 284 XPONIKON
1042 231 1105 295 221

91 379 185 462 κυρίῳ
213 384 275 462 θεῷ
300 377 407 459 αὐτοῦ,
434 377 485 440 καί
512 379 654 441 εἰσελθὼν
681 379 725 454 είς
739 377 801 442 ’τὸν
823 379 897 442 ναὸν
919 381 1026 463 κυρίου
1049 386 1108 441 θυ-

93 486 198 555 μιᾶσαι
215 475 264 537 ἐπὶ
281 475 314 538 τὸ
332 476 548 558 θυσιαστήριον
566 487 619 539 τοῦ
639 478 839 559 θυμιάματος,
856 478 996 558 είσήλθεν
1014 474 1108 540 ὀπίσω

92 573 188 635 αύτοῦ
214 574 363 655 Ζαχαρίας
386 572 402 636 δ
429 572 578 657 ἀρχιερεύς
604 574 656 637 καὶ
682 571 744 655 μετ’
769 575 862 638 αὐτοῦ
890 577 976 658 ἱερεῖς
1002 577 1108 657 κυρίου

91 669 129 732 π’
153 670 297 753 λέγοντες·
323 671 360 733 ού
387 672 437 734 σοί
461 671 553 754 έστιν,
574 667 668 753 Ὀζία,
695 680 843 753 θυμιᾶσαι
869 679 910 758 τῷ
937 680 1010 759 θεῷ,
1037 667 1136 739 άλλδι’

92 775 155 842 τοῖς
178 770 319 852 ίερεῦσιν,
342 776 404 843 τοῖς
426 772 503 845 υίοῖς
518 767 633 854 Ἀαρδον
655 778 717 845 τοῖς
739 769 930 853 ἡγιασμένοις
952 779 1135 851 θυμιᾶσαιο

92 867 193 940 ἔξελθε
222 860 277 930 ούν
305 865 363 930 ἀπὸ
391 877 444 930 τού
471 867 665 950 άγιάσματος,
692 869 737 931 ὅτι
759 868 886 949 ἀπέστης
908 868 967 933 άπὸ
991 871 1109 952 κυρίου,

92 963 144 1026 καλ
167 964 224 1027 ούκ
245 965 325 1027 ἔσται
348 983 395 1028 σοι
422 975 508 1028 τοῦτο
536 967 578 1040 είς
605 968 697 1040 δόξαν
723 967 803 1050 παρὰ
828 969 934 1050 κυρίου
957 974 1033 1030 θεοῦ
1052 962 1109 1029 Ἰσ-

92 1061 178 1143 ραήλ.
223 1061 273 1124 καὶ
296 1063 329 1124 έν
351 1070 390 1149 τῷ
409 1070 596 1145 θυμωθήναι
623 1065 715 1127 αύτὸν
742 1066 817 1146 πρὸς
838 1064 909 1140 τοὺς
931 1067 1032 1148 ἱερεῖς,
1059 1064 1109 1128 καλ

92 1159 127 1221 τὸ
150 1161 352 1242 θυμιατήριον
374 1161 407 1223 έν
429 1171 465 1247 τή
488 1161 561 1243 χειρί
587 1163 695 1244 αὐτοῦ,
723 1162 897 1238 ἐξανέτειλεν
920 1160 940 1242 ή
963 1161 1055 1245 λέπρα
1076 1163 1110 1226 έν

93 1264 134 1342 τῷ
163 1260 286 1345 μετώπῳ
318 1259 411 1321 αὐτοῦ
443 1259 579 1322 ἐναντίον
610 1269 670 1322 τῶν
697 1259 799 1343 ἱερέων
830 1261 864 1324 έν
891 1261 964 1347 οἴκῳ
993 1261 1108 1342 κυρίου.
1124 1283 1149 1323 ιο

93 1355 145 1416 καλ
177 1355 363 1419 κατέσπασαν
394 1357 485 1421 αὐτὸν
516 1357 640 1420 έκεῖθεν.
686 1358 736 1420 καῖ
767 1359 824 1441 γὰρ
853 1358 942 1432 αὐτὸς
969 1359 1110 1422 ἔσπευσεν

95 1453 237 1534 ἐξελθεῖν,
261 1454 305 1516 ὅτι
326 1453 446 1538 ἤλεγξεν
469 1456 561 1519 αύτὸν
579 1455 595 1519 δ
616 1457 727 1538 κύριος.
763 1449 871 1537 καλήν
888 1457 994 1538 λεπρὸς
1010 1457 1110 1536 καθή-

94 1574 185 1632 μενος
202 1551 235 1613 έν
252 1559 292 1637 τῷ
308 1554 380 1640 οῖιιφ
399 1554 491 1616 αὐτοῦ
510 1551 591 1635 μέχρι
609 1560 744 1636 τελευτῆς
761 1555 865 1636 αύτού,
884 1555 928 1617 ὅτι
943 1553 1110 1636 άπεσχίσθή

93 1649 155 1711 ἀπὸ
178 1650 263 1712 οἴκου
285 1651 400 1733 κυρίου.
443 1645 493 1730 ἐφ’
519 1645 555 1714 οὗ
578 1653 696 1732 σεισμὸς
717 1654 875 1736 γενόμενος
897 1651 988 1735 μέγας
1009 1653 1110 1733 ένεῖσε,

94 1747 146 1809 καῖ
178 1747 384 1830 διαρραγέντος
416 1748 505 1832 ὄρους
536 1753 688 1832 μεγίστου,
719 1753 916 1831 κατεκυλίσθή
948 1750 1023 1834 πρὸς
1054 1751 1110 1831 τήν
1125 1771 1150 1813 15
1253 1825 1256 1831 Ι

94 1845 223 1907 πεδιάδα
245 1848 384 1921 σταδίους
406 1845 448 1926 μ’.

415 2041 480 2121 [ιδ’.
512 2044 600 2125 Περί
620 2038 796 2125 Ἰωάθαν]
1125 2057 1210 2098 ποτε

164 2175 253 2238 Μετὰ
285 2175 317 2239 δέ
341 2170 439 2250 Ὀζίαν
470 2176 657 2259 ἐβασίλευσεν
681 2171 811 2239 Ἰοιάθαν
841 2177 907 2251 υίδς
939 2177 1042 2240 αὐτοῦ·
1061 2176 1111 2238 καὶ

95 2275 216 2355 έποίήσε
238 2275 271 2336 τὸ
293 2273 382 2349 εύθές
404 2273 533 2337 ένάπιον
555 2275 663 2357 κυρίου
685 2273 735 2336 καί
755 2275 919 2354 ἐτελεύτησε
937 2276 1112 2355 βασιλεύσας

95 2372 147 2452 ἔτη
171 2369 223 2442 ις’.
1125 2386 1152 2425 νο

424 2475 506 2561 ,[ιεῖ
539 2471 628 2562 Περὶ
644 2476 769 2562 ’Ἀχαζή

166 2613 254 2674 Μετδι
287 2611 319 2675 δέ
347 2607 477 2675 Ἰοιάθαν
509 2613 696 2695 ἐβασίλευσεν
720 2613 811 2696 ’Ἀχαζ
841 2613 907 2688 υίὸς
939 2614 1031 2678 αὐτοῦ
1063 2614 1112 2676 καὶ

98 2711 220 2790 ἐποίησε
242 2712 274 2774 τὸ
295 2711 430 2792 πονηρὸν
447 2710 576 2775 ἐνώπιον
593 2715 701 2796 κυρίου
719 2711 770 2774 καλ
787 2711 919 2775 ἀπέθανε
938 2713 1113 2794 βασιλεύσας

97 2809 149 2888 ἔτη
173 2805 225 2878 ις’.
270 2805 307 2871 δυ
329 2808 379 2871 καί
401 2809 568 2890 πολεμήσας
594 2809 690 2872 Φακεέ
712 2810 850 2892 βασιλεὺς
864 2805 980 2892 Ἰσραήλ
999 2809 1113 2872 ἀνεῖλεν

98 2904 212 2987 ἄνδρας
235 2904 289 2987 μέν
312 2906 405 2968 αὐτοῦ
429 2908 575 2982 δυνατούς
597 2908 630 2971 έν
652 2906 748 2994 ήμέρμ
766 2916 819 2994 μιᾷ
841 2909 973 2989 χιλιάδας
996 2906 1036 2991 ρ’,
1059 2932 1112 2990 γυ-
1127 2929 1152 2969 25

96 3009 205 3078 ναῖκας
228 3003 261 3066 δέ
283 3004 333 3066 καὶ
355 3006 460 3067 παιδία
484 2999 685 3092 ήχμαλάτευσε
707 3007 839 3087 χιλιάδας
862 3003 898 3067 τ’.

172 3227 188 3275 5
206 3224 347 3291 θυμιᾶσαι
365 3237 415 3276 om.
435 3221 538 3276 FLRV.
560 3254 594 3262 -
617 3228 633 3276 9
652 3221 701 3276 καί
720 3219 889 3286 ἐξανέτειλεν
907 3219 987 3276 codd.
1041 3225 1114 3275 αείετ

97 3293 189 3348 ΑΜΡ.
218 3325 251 3333 -
282 3299 314 3347 11
338 3291 511 3349 κατέσπασεν
533 3293 555 3346 L
583 3293 758 3348 κατέπαυσεν
776 3293 809 3347 R.
838 3323 871 3332 -
901 3297 934 3346 14
952 3311 1000 3363 γεν
1019 3292 1112 3418 mo&

98 3363 208 3434 έγένετο
227 3365 282 3418 PR.
303 3396 336 3404 —
357 3369 390 3418 18
409 3361 488 3430 δζίαν
506 3363 639 3419 AFHLP.
660 3397 693 3405 —
713 3363 830 3432 ίοιάθαμ
848 3363 922 3418 GFR
944 3362 1060 3433 ίααθδιμ
1106 3407 1113 3417 .

99 3468 133 3477 -
154 3436 170 3490 δ
188 3435 251 3498 υίὸς
268 3435 333 3489 HR.
352 3467 387 3476 —
406 3441 440 3489 22
460 3434 576 3504 ίιοάθαμ
595 3435 699 3491 GFPR.
719 3468 752 3476 -
772 3440 807 3489 25
826 3436 913 3490 αύτοῦ
931 3452 982 3491 om.
997 3435 1057 3488 ΡΜ.

173 3619 189 3667 3
208 3611 326 3682 άζαρίας
342 3611 474 3669 POhron.
494 3648 528 3657 —
547 3620 563 3668 9
581 3613 786 3684 θυσιαστήριον
804 3614 834 3668 Ρ.
