2617 3909
551 232 739 283 XPONIKON
1110 230 1153 294 85

142 379 231 441 ταότὸ
253 377 290 440 ὀν
311 377 459 458 ἀκινήτως
481 376 548 440 ούτε
570 379 712 461 νεώτερον
735 376 801 440 ούτε
824 379 1020 460 πρεσβύτερον
1042 380 1154 460 προσύ-

141 501 187 539 κει
210 476 354 558 λε’γεσθαι.
399 476 449 538 καί
471 476 527 559 γάρ
549 476 582 538 τὸ
604 475 651 538 ἀεὶ
673 475 709 537 όν
731 475 781 537 καλ
803 475 897 558 προδν
919 475 1058 559 γενέσεώς
1076 476 1154 538 ἐστιν

142 574 260 654 ἀπάσης
282 574 451 657 ὑπέρτερον,
473 574 506 636 τό
530 572 562 636 δὲ
584 573 760 656 γιγνόμενον
782 572 832 634 καλ
855 572 1023 647 ἀλλοιώσεις
1045 574 1154 647 πολλὰς

141 673 350 753 ἐπιδεχόμενον
376 672 496 746 εἰκότως
522 672 634 750 ἔφησεν
661 669 801 733 οόδέποτε
824 665 907 734 εἶναι.
953 671 1003 734 καλ
1026 673 1115 734 πάλιν
1138 671 1154 734 6

143 772 270 833 Πλάτων
293 772 400 850 φησίν·
424 769 539 853 ἀγαθὸς
562 767 615 849 μὲν
639 767 655 830 6
678 767 750 842 θεὸς
772 771 812 852 τῷ
832 767 895 830 ὀντι
917 793 949 851 γε
971 769 1022 831 καί
1040 768 1181 833 λεκτέονσ

141 871 237 942 αἴτιος
250 879 309 931 τῶν
317 868 454 950 ἀγαθῶν,
467 878 527 929 τῶν
537 865 568 929 δὲ
578 877 678 928 κακῶν
688 864 828 928 ἀπάντων
838 866 976 942 ἀναίτιος.
1006 863 1087 928 ταῦτ’
1100 860 1155 928 ούν

142 965 193 1026 καὶ
211 965 278 1048 περὶ
296 976 349 1028 τοῶ
364 966 560 1045 πεποιηκότος
573 971 649 1026 θεοῦ
662 962 712 1026 καὶ
725 963 791 1045 περί
805 975 857 1045 τῆς
870 962 956 1044 ἡμῶν
971 965 1155 1038 αότεξονσιό-

142 1088 230 1143 τητος
243 1064 356 1139 ἐδίδαξε
371 1069 467 1136 καλῶς
485 1062 501 1125 6
516 1063 643 1124 Πλάτων
662 1067 785 1144 φρονεῖν
799 1061 850 1123 καλ
863 1063 1005 1143 δοξάζειν,
1024 1062 1073 1123 καλ
1087 1063 1156 1134 τούς

142 1172 243 1223 κακῶν
272 1163 368 1222 αἴτιον
395 1161 447 1223 τὸν
475 1161 549 1223 θεὸν
577 1159 714 1242 λέγοντας
743 1159 908 1232 ἐξελαύνειν
935 1160 1079 1240 ἐκέλενσε,
1106 1159 1156 1221 καί

142 1259 265 1321 ἀνόσιον
291 1254 368 1321 εἶναι
394 1258 479 1320 τόνδε
506 1258 559 1319 τὸν
585 1257 674 1339 λόγον
701 1255 776 1336 φησί
803 1257 853 1318 καλ
880 1256 1055 1339 ἀξύμφορον
1083 1255 1156 1336 ἡμῖν
1170 1281 1196 1321 το

142 1357 193 1419 καί
220 1357 402 1437 ἀξύμφωνον
427 1355 524 1440 ἕαντῶ
570 1356 684 1417 οόκοῶν
706 1355 733 1416 εἰ
759 1354 874 1436 ἀγαθὸς
902 1355 918 1418 6
946 1355 1032 1435 θεός,
1060 1355 1156 1436 ὥσπερ

143 1457 182 1535 δὴ
205 1455 255 1517 καὶ
277 1454 403 1537 ἀγαθός,
427 1453 482 1516 οόκ
505 1452 562 1535 ἀρα
584 1463 685 1515 κακῶν
703 1454 796 1526 αἴτιος
815 1450 831 1513 6
850 1451 965 1534 ἀγαθὸς
983 1447 1088 1535 γένοιτ’
1110 1449 1156 1514 ἀν.
1170 1469 1196 1508 6⁰
1210 1467 1241 1506 Μ.

142 1555 170 1616 εἰ
202 1552 235 1616 δέ
266 1552 397 1626 ἀναίτιος
429 1561 488 1614 τῶν
519 1550 704 1632 γιγνομένων
735 1560 836 1611 κακῶν
863 1549 954 1629 (κακά
987 1548 1018 1612 δέ
1048 1553 1158 1632 κυρίως

143 1649 325 1730 ὀνομάζομεν
344 1649 381 1711 οό
399 1649 434 1710 τά
447 1648 527 1730 παρά
545 1652 662 1710 πολλῶν
678 1645 855 1727 *ὀνομάζειν
874 1651 963 1727 φίλον
981 1651 1067 1729 τισίν,
1085 1648 1158 1710 ἀλλά

142 1751 250 1810 κακίαν
272 1747 322 1809 καὶ
345 1746 506 1809 ἀκολασίαν
528 1745 578 1808 καί
600 1746 652 1818 τάς
675 1743 763 1818 ἀλλας
785 1749 971 1829 παρανομίας
993 1743 1047 1825 ἀφ’
1072 1745 1157 1826 ἡμῶν
1171 1770 1196 1810 ω

143 1845 340 1920 αὐτεξουσίως
362 1839 563 1927 τολμωμένας)
587 1841 674 1923 ἡμεῖς
697 1843 752 1926 γάρ
773 1842 830 1926 ἀρα
853 1846 965 1907 τούτων
988 1846 1086 1925 αἴτιοι,
1108 1843 1158 1905 καλ

143 1945 199 2025 οόγ
213 1941 229 2004 6
245 1941 386 2004 τάναντία
404 1943 608 2022 νομοθετήσας
621 1943 701 2015 θεός.
733 1942 803 2024 ὀπερ
818 1942 917 2023 δηλῶν
935 1935 1027 2016 αὖθις
1046 1941 1061 2003 6
1076 1943 1158 2002 Πλά-

143 2067 204 2104 των
223 2041 256 2103 ἐν
273 2046 336 2114 τοῖς
349 2041 467 2120 Νόμοις
484 2039 534 2102 καὶ
553 2040 671 2112 δεικνύς
690 2037 762 2119 ἡμῖν
780 2039 832 2100 τὸν
847 2050 906 2101 τῶν
920 2040 997 2101 ὅλων
1015 2040 1159 2120 πρύτανιν

142 2149 203 2200 τῶν
225 2148 278 2200 τοῦ
296 2137 408 2211 παντὸς
426 2137 537 2200 οἰάκων
556 2135 768 2217 ἐπειλημμένον
787 2138 893 2216 φησίν·
913 2136 929 2199 6
948 2135 1002 2218 μέν
1020 2138 1058 2217 δὴ
1077 2139 1158 2217 θεός,

142 2236 184 2311 ῶς
207 2236 258 2298 καλ
281 2235 297 2298 6
320 2235 445 2308 παλαιός
467 2235 562 2316 λόγος,
586 2234 680 2316 ἀρχὴν
703 2233 753 2295 καὶ
775 2235 910 2314 τελευτὴν
933 2234 983 2296 καλ
1006 2233 1079 2314 μέσα
1099 2245 1157 2295 τῶν
1172 2259 1200 2299 το

215 2474 286 2523 4-6
305 2469 441 2523 Theodor.
460 2469 496 2524 ι’ὀ.
512 2468 538 2523 V
555 2469 652 2538 Migne
672 2467 760 2522 9360.
782 2467 854 2522 Plat.
874 2468 956 2522 Polit.
975 2469 1001 2520 Π
1015 2487 1044 2539 γ.
1065 2469 1157 2522 38οΒ.

143 2573 178 2581 -
194 2545 282 2595 6-17
297 2539 433 2594 Theodor.
449 2541 484 2594 ib.
495 2545 546 2593 937
557 2540 587 2592 B.
604 2572 638 2578 -
654 2545 759 2609 17—1).
770 2545 812 2607 88,
825 2545 857 2593 16
868 2539 943 2595 iffi
957 2539 1053 2610 Migne
1067 2540 1157 2594 96413.

142 2612 226 2666 Plato
245 2612 331 2681 Legg.
346 2611 385 2664 IV
398 2628 428 2681 p.
444 2611 536 2665 7151).

217 2789 302 2843 λκαλ
321 2788 411 2856 προὸν
433 2805 484 2843 om.
499 2788 635 2842 LTheod.
661 2821 694 2828 -
719 2786 919 2859 3γιγνόμενον
938 2789 989 2844 AN
1012 2787 1159 2860 γινόμενον

142 2861 204 2915 τελλ.
221 2860 297 2914 Suid.
318 2892 351 2900 —
372 2865 388 2913 6
406 2868 494 2914 ταῦτα
510 2859 560 2913 FN
581 2857 662 2914 παύε’
680 2859 707 2914 C.
728 2893 761 2900 —
782 2866 797 2914 8
816 2861 864 2915 καλ
883 2870 1000 2930 φρονεῖν
1018 2861 1158 2916 NTheod.

144 2965 178 2972 —
200 2937 215 2986 9
234 2940 330 2985 κακῶν
348 2930 446 3001 (κακόν
465 2929 496 3000 (λ)
515 2931 564 2984 καλ
582 2929 674 2986 αίτιον
692 2930 738 2985 AC
758 2939 782 2986 et
800 2939 831 2988 τοί
848 2931 902 2987 vid.
918 2932 940 2985 L
958 2934 990 2986 ι’νι
1007 2949 1059 3002 quo
1074 2932 1160 2986 ίίίενεα

144 3011 210 3058 ante
228 3002 329 3056 αίτιον.
348 3034 382 3042 -
408 3007 441 3055 10
459 3002 624 3071 ἀσύμφορον
643 3002 698 3056 LV.
719 3034 752 3043 -
782 3009 814 3056 11
835 3003 1004 3074 ἀξύμφωνον
1021 3002 1158 3056 PTheod.

143 3074 351 3144 ἀξόμφορονΒ
374 3073 546 3142 ἀσύμφωνον
563 3072 623 3128 rell.
649 3105 682 3113 -
710 3079 742 3127 12
761 3070 864 3144 γίνοιτ’
881 3072 917 3128 ἀν
936 3073 951 3128 6
971 3072 1081 3142 ἀγαθός
1099 3073 1160 3128 ΗΜ

144 3146 159 3200 6
175 3143 288 3216 ἀγαθός
301 3161 351 3200 ονε.
362 3145 388 3197 R
402 3143 417 3198 6
432 3161 482 3199 om.
494 3142 525 3198 G.
537 3176 570 3185 -
582 3149 615 3198 13
625 3143 780 3214 γινομένων
792 3143 962 3199 CFGNRV.
974 3177 1007 3184 -
1021 3151 1055 3198 14
1068 3145 1160 3200 Locus

144 3220 176 3271 ι’νι
190 3217 316 3272 οτικιθτιι
329 3215 416 3280 σωθῶ,
433 3216 517 3270 etiam
529 3218 561 3269 ιἰι
574 3215 605 3282 Ρ,
622 3217 737 3270 mutilus
750 3219 789 3270 sic
802 3217 951 3284 οωμίικδκο
964 3233 998 3270 τω
1015 3215 1158 3270 Τίιοοάον.;

145 3289 180 3342 ού
203 3286 239 3341 τά
257 3287 335 3353 παρά
359 3289 467 3342 πολλῶν
490 3285 670 3356 νομιζόμενα,
693 3285 795 3342 πενίαν
817 3287 866 3341 καλ
889 3285 973 3342 νόσον
996 3287 1045 3341 καλ
1064 3285 1159 3352 τάλλα,

145 3357 198 3414 ὅσα
211 3358 322 3420 τούτοις
340 3358 397 3412 ἐοτλ
414 3357 604 3425 παραπλήσια,
622 3357 641 3411 δι
659 3357 803 3428 ξαμφοράς
822 3357 967 3428 ὀνομάζειν
982 3355 1064 3427 φίλον
1078 3356 1158 3413 τισίν.

143 3461 180 3471 -
200 3434 234 3483 16
253 3424 309 3498 ἀρα
329 3428 469 3482 ABDMP
487 3445 537 3483 om.
552 3428 581 3481 F.
601 3460 636 3469 -
657 3434 689 3482 19
709 3426 893 3498 ἐπιλημμόνον
912 3427 1080 3483 ACHLMP.

219 3611 252 3660 18
271 3615 327 3661 τῶν
347 3603 417 3663 ὀλων
435 3606 484 3661 τὸν
502 3607 641 3675 πρύτανιν
660 3605 741 3660 PTh.
