2617 3909
197 219 264 284 286
510 222 698 275 Γοοενεοτ
715 224 898 276 Μοαεσον

538 423 765 516 [Βιβλίαν
792 421 867 515 Ζ’.]

335 560 390 646 [α’.
423 564 513 647 Περλ
534 559 716 647 Ἀντιόχου
740 576 803 628 τοῦ
822 561 1071 648 Ἐπιφανοῦς]

263 690 351 751 Μετὰ
383 689 415 752 δέ
444 689 591 752 Σέλευκον
623 690 809 772 ἐβασίλευσεν
850 687 998 773 Ἀντίοχος
1025 693 1094 767 υίὸς
1110 693 1216 756 αύτού

196 786 247 847 καλ
274 785 357 848 ύλλοι
386 787 478 850 πέντε.
524 783 586 850 εἶτα
615 787 801 870 ἐβασίλευσεν
824 785 973 870 Ἀντίοχος
1001 788 1018 851 δ
1045 792 1216 872 Ἐπιφανὴς

170 884 261 957 συλὸς
284 887 434 949 Σελεύκου
456 895 510 948 τοῦ
535 888 748 970 Φιλοπάτορος,
770 883 826 967 ὑφ’
848 881 885 949 ού
907 886 1029 969 γε’γονεν
1051 887 1072 969 ἡ
1092 889 1216 972 δευτέρα
1284 865 1288 891 ¹

197 983 305 1057 άλωσις
327 993 381 1063 της
398 979 591 1067 Ἰερουσαλὴμ
613 983 663 1045 καλ
685 984 721 1045 τὰ
743 983 817 1046 κατὰ
839 987 1052 1067 Μακκαβαίων
1075 987 1214 1069 ἐπράχθη
1286 1042 1287 1055 ,

97 1093 135 1133 2⁰⁷
150 1092 180 1131 M·
195 1079 245 1142 καλ
276 1080 308 1142 τὸ
341 1081 420 1165 ἱερὸν
448 1081 601 1163 ἐμολύνθη
628 1082 702 1144 κατὰ
730 1083 786 1162 τὴν
814 1093 868 1145 τοῦ
894 1085 1010 1164 Δανιὴλ
1037 1085 1214 1168 πρόρρησιν.
1286 1070 1287 1079 ¹

195 1178 271 1258 φησλ
297 1178 353 1261 γάρ
380 1178 397 1241 δ
424 1180 707 1262 προσδιαλεγόμενος
738 1180 818 1266 αύτῷ
846 1180 1022 1263 ἀρχάγγελος
1053 1181 1123 1262 περί
1157 1193 1214 1244 τῶν
1286 1210 1288 1266 ᾗ

194 1287 283 1358 τριῶν
314 1277 408 1358 ἥμισυ
440 1278 583 1340 ἐνιαυτῶν
609 1288 663 1358 τῆς
690 1279 888 1360 αἰχμαλωσίας
920 1280 1041 1359 ταύτης*
1074 1279 1128 1341 καὶ
1156 1280 1213 1341 ἀπὸ
1286 1304 1287 1361 η

157 1394 182 1434 10
196 1385 301 1455 καιροῦ
328 1377 533 1458 παραλλάξεως
559 1385 612 1438 τοῦ
640 1376 843 1457 ἐνδελεχισμοῶ
869 1376 919 1437 καλ
946 1387 999 1438 τοῦ
1023 1378 1161 1458 δοθῆναι
1182 1379 1212 1439 τὸ
1286 1418 1287 1443 ι

195 1471 345 1554 βδέλυγμα
362 1483 415 1554 τῆς
433 1474 606 1555 ἐρημώσεως
623 1471 731 1556 ἡμέραι
748 1476 838 1556 χίλιαι
856 1474 1005 1536 διακόσιαι
1023 1475 1211 1555 ἐνενήκοντα.
1286 1526 1287 1563 η

194 1565 255 1630 εἶτα
282 1570 338 1649 τὴν
367 1572 452 1633 λύσιν
478 1582 537 1632 τῶν
564 1582 666 1634 κακῶν
695 1571 949 1654 εὐαγγελιζόμενος
975 1572 1077 1655 ἐπάγει
1104 1573 1210 1655 λέγων·
1286 1568 1287 1651 λ

194 1668 337 1749 μακάριος
360 1667 376 1730 δ
399 1668 562 1749 ὑπομείνας
588 1670 639 1732 καλ
667 1671 789 1749 φθάσας
816 1670 859 1743 εἰς
885 1667 996 1751 ἡμέρας
1022 1672 1118 1752 χιλίας
1143 1669 1210 1734 τλε’.
1286 1678 1287 1731 ]

193 1764 260 1848 περλ
281 1758 319 1845 ἧς
341 1764 475 1840 ἁλώσεως
502 1768 579 1830 σύτο)
607 1769 697 1830 πάλιν
724 1767 896 1851 γέγραπται·
918 1767 969 1829 καί
996 1767 1110 1852 ἐγένετο
1140 1771 1210 1849 μετὰ

154 1883 179 1924 ω
193 1863 225 1924 τὸ
249 1865 374 1938 πατάξαι
393 1859 586 1948 Ἀλέξανδρον
609 1866 662 1928 τὸν
687 1867 839 1928 Φιλίππου
861 1870 990 1947 Δαρεῖον
1013 1867 1065 1928 τὸν
1087 1867 1209 1947 βασιλέα

194 1967 319 2046 Περσῶν
341 1962 391 2024 καλ
410 1964 531 2042 Μήδων
553 1964 604 2025 καλ
626 1966 797 2045 βασιλεῦσαι
815 1959 880 2024 ἄντ’
900 1963 994 2026 αύτού
1011 1963 1062 2025 καὶ
1081 1966 1209 2039 πολλοὺς

193 2071 316 2142 ποιῆσαι
346 2061 493 2142 πολέμους
524 2060 574 2122 καλ
602 2072 745 2145 κρατῆσαι
772 2060 970 2144 ὀχυρωμάτων
997 2063 1133 2143 μεγάλων
1160 2063 1209 2124 καί

193 2161 304 2238 σφάξαι
332 2161 461 2240 βασιλεῖς
487 2160 614 2234 πολλοὺς
640 2160 788 2242 τοπάρχας
814 2183 844 2221 τε
871 2159 922 2220 καλ
950 2161 1132 2242 στρατηγούς
1161 2161 1209 2222 καλ
1286 2198 1287 2209 1

193 2258 342 2338 σατράπας
368 2257 419 2319 καλ
445 2259 611 2340 τυράννους
638 2257 689 2319 καλ
718 2257 836 2337 φθάσαι
862 2255 917 2330 ἕως
945 2255 1045 2340 άκρων
1072 2268 1127 2338 τῆς
1154 2270 1208 2341 γῆς
1286 2330 1287 2333 ¹

153 2376 179 2415 το
193 2354 242 2416 καλ
256 2361 384 2417 πλοῦτον
398 2354 520 2438 ύπειρον
539 2355 673 2430 συλλέξαι
691 2354 818 2435 μηδενὸς
838 2353 1066 2436 άνθεστηκότος,
1089 2354 1207 2436 ύψώθη
1286 2396 1287 2401 1

192 2449 212 2531 ἡ
231 2453 339 2535 καρδία
361 2453 453 2516 αὐτοῦ
477 2454 594 2537 σφόδρα
616 2453 667 2515 καλ
689 2446 759 2536 ἦρξε
781 2462 883 2534 χωρῶν
906 2452 1007 2513 ἐθνῶν
1028 2451 1080 2514 καλ
1099 2455 1207 2536 τυράν-
1286 2498 1287 2501 ¹

192 2575 265 2631 νων,
287 2549 337 2611 καὶ
360 2550 495 2633 ἐγένοντο
519 2551 597 2636 αύτῷ
616 2552 659 2624 εἰς
682 2551 787 2633 φόρον.
832 2549 882 2610 καλ
905 2550 976 2629 μετὰ
998 2559 1090 2611 ταῦτα
1109 2553 1206 2614 πεσὼν

192 2646 240 2708 ἐπί
261 2647 317 2727 τὴν
339 2650 445 2728 κλίνην
468 2648 560 2712 αὐτοῦ
583 2648 633 2711 καὶ
652 2649 745 2730 γνούς
763 2649 808 2710 ότι
825 2646 1012 2726 ἀποθνήσκει
1030 2650 1208 2730 προσεκαλέ-
1286 2700 1287 2729 η

192 2762 262 2806 σατο
291 2745 361 2820 τούς
392 2746 532 2820 ἐνδόξους
562 2746 612 2808 καλ
639 2745 859 2829 συνεκτρόφους
887 2745 995 2827 αὐτοῦ,
1022 2746 1073 2807 καλ
1102 2747 1206 2810 διελὼν

152 2863 177 2904 25
192 2843 293 2918 αὐτοῖς
323 2843 379 2923 τὴν
414 2845 565 2925 βασιλείαν
600 2843 732 2906 άπέθανε
764 2844 940 2925 βασιλεύσας
971 2843 1022 2923 ἐτη
1056 2842 1111 2925 ιβ’.
1157 2845 1206 2906 καὶ

263 3023 372 3079 9Dan.
398 3031 444 3094 ιε,
466 3030 507 3080 11.
540 3057 575 3066 -
608 3031 640 3080 13
664 3025 734 3080 Dan.
761 3030 807 3093 ιν,
830 3029 871 3078 12.
901 3055 935 3064 -
969 3028 1084 3092 14-p.
1105 3031 1206 3094 νινε

191 3095 211 3149 Ι.
227 3095 314 3151 Mace.
331 3104 356 3165 1,
371 3102 449 3166 lsqq.

263 3237 394 3301 ιεωες
410 3239 553 3293 Αοεωει.
568 3271 604 3280 -
622 3245 638 3294 ο
658 3238 773 3310 άμενος
791 3238 872 3292 νοω,
888 3269 922 3278 -
942 3242 958 3291 ο
976 3233 1119 3306 ημιιωο
1142 3234 1205 3307 ιρι-
1286 3212 1287 3223 '

192 3325 247 3362 σων
265 3309 291 3362 R
309 3326 358 3362 om.
373 3310 406 3362 A.
434 3341 468 3350 -
498 3316 531 3364 19
549 3318 598 3379 τῆς
621 3327 671 3365 om.
686 3310 742 3364 AF.
770 3342 806 3349 -
833 3315 867 3363 24
891 3307 1023 3373 ἐνδόξους
1045 3309 1135 3364 αὐτοῦ
1157 3310 1204 3363 καλ

192 3378 399 3446 συνεκτρόφους
416 3379 465 3433 καλ
483 3379 541 3434 AV.

264 3529 279 3575 5
302 3524 320 3590 ἡ
340 3525 456 3592 δευτέρα
478 3534 527 3596 τῆς
549 3526 717 3597 λερουσαλὴμ
741 3528 840 3591 ἅλωσις
862 3529 891 3583 P.
916 3561 951 3570 -
975 3535 1007 3582 12
1031 3527 1204 3600 εύαγγελιζό-

193 3609 275 3656 μενος
294 3602 350 3646 τῶν
368 3603 462 3649 κακῶν
480 3596 510 3648 P.
