2617 3909
173 260 239 324 114
486 260 672 314 νεανικόν
690 257 872 312 ΜοοιΑΧον

173 412 276 483 ζεσθαι
294 408 349 489 τήν
368 407 504 469 διάθεσιν
517 412 698 487 τελευτῶσιν,
716 405 842 490 προτέρα
860 403 914 486 μέν
927 401 1101 487 ήῬεβέκκα,
1120 401 1186 485 μετ’

172 506 217 570 οό·
232 507 309 568 πολὺ
332 503 364 568 δέ
386 503 436 566 καλ
459 501 476 566 ό
496 499 595 566 Ἰσαὰκ
618 511 658 589 τῷ
674 499 778 585 Ἰακὼβ
801 513 853 584 τής
874 505 1073 586 πρωτοτοκίας
1095 526 1187 565 κατα-

172 605 306 677 λιπόντες
327 603 363 665 τόι
384 602 463 685 γέρα.
508 602 579 683 μετὰ
602 601 634 665 δέ
661 611 753 663 ταῦτα
779 601 980 684 παροξυνθεὶς
997 596 1101 662 Ἦσαῦ
1123 599 1187 663 ὑπό

173 701 301 781 Ἀμαλήκ
326 710 379 764 τοῦ
407 700 439 763 ἐκ
469 702 648 775 παλλακίδος
676 701 745 762 υἱοῦ
777 700 870 762 αὐτοῦ
901 699 975 761 κατὰ
1000 694 1103 779 Ἰακὼβ
1130 709 1187 762 τοῦ

145 799 305 879 τάδελφοῦ
327 798 428 861 αὐτοῦ
442 798 493 860 καί
513 797 689 881 συναγαγὼν
707 798 783 877 ἔθνη
803 797 919 880 ὥρμησε
937 793 1001 859 κατ’
1022 796 1116 860 αὐτοῦ
1133 797 1188 859 καλ

172 907 232 959 τῶν
254 898 330 959 υίῶν
352 896 445 960 αὐτοῦ
467 897 509 970 είς
530 897 670 977 πόλεμον,
693 896 733 970 ὥς
751 913 845 975 φησιν
860 891 1009 975 Ἰώσηπος.
1046 894 1063 958 δ
1081 893 1115 957 δέ
1133 895 1188 970 τὰς

173 995 268 1068 πύλας
294 993 470 1070 ἀποκλείσας
496 1005 549 1075 τής
574 995 701 1075 πόλεως,
730 994 773 1067 είς
800 989 840 1072 ἣν
866 992 1050 1076 κατέφυγεν,
1072 991 1105 1054 έιι
1131 1002 1187 1055 τοῦ

172 1094 285 1173 τείχους
316 1094 471 1175 παρεκάλει
497 1092 549 1155 τόν
571 1087 668 1154 Ἡσαῦ
698 1097 872 1172 μνησθῆναι
894 1099 953 1152 τῶν
980 1101 1110 1172 γενικῶν
1137 1089 1188 1151 έ-

174 1196 274 1254 τολῶν.
320 1201 373 1254 τοῦ
396 1189 428 1254 δέ
451 1191 492 1271 μή
511 1189 700 1272 ἀνεχομένου,
723 1187 795 1250 ἀλλὰ
815 1187 866 1249 καλ
884 1194 994 1268 μᾶλλον
1011 1187 1186 1269 ὑβρίζοντος

133 1289 223 1351 ιοκαλ
255 1287 449 1363 ὀνειδίζοντος
474 1288 525 1350 καί
556 1286 748 1371 όλοθρεόσειν
779 1286 870 1348 αὐτὸν
899 1285 1104 1366 ἀπειλοῦντος,
1137 1284 1188 1346 έν-

173 1388 269 1461 τείνας
293 1381 399 1467 Ἰακὼβ
430 1387 517 1461 τόξον
547 1383 686 1465 κατέβαλε
714 1383 766 1460 τόν
785 1377 879 1446 Ἡσαῦ
905 1383 980 1446 κατὰ
1006 1393 1059 1445 τοῦ
1087 1384 1189 1458 δεξιοῦ
1303 1395 1304 1450 I

173 1487 268 1565 μαξον
289 1484 409 1564 πλήξας.
441 1477 533 1564 οόπερ
555 1481 779 1562 τελευτήσαντος
801 1481 973 1562 ὑπεξῆλθον
995 1481 1027 1544 ot
1045 1479 1108 1543 υίολ
1128 1477 1187 1542 Ἰα-

172 1580 236 1662 κὼβ
258 1580 363 1642 αὐτίκα
385 1580 436 1642 καί
458 1580 562 1662 σχεδόν
578 1581 692 1654 πάντας
710 1579 836 1642 ἀνεῖλον,
872 1578 923 1640 καί
943 1579 1005 1642 τότε
1023 1579 1188 1660 ἐπληρώθη

173 1676 193 1758 ή
215 1687 269 1740 τοῦ
288 1674 387 1740 Ἰσαὰκ
408 1679 570 1761 πρόρρησις
592 1676 717 1759 λέγουσα
739 1677 814 1760 πρὸς
831 1676 883 1739 τὸν
896 1673 1005 1740 Ἡσαῦ·
1024 1677 1076 1739 έδιν
1093 1676 1187 1739 καθέ-
1303 1695 1304 1730 f

132 1795 159 1836 ιε
173 1781 227 1860 λης
259 1776 311 1837 τὸν
343 1776 431 1858 ζυγόν
462 1786 516 1839 τοῦ
547 1774 680 1854 ἀδελφοῦ
707 1792 763 1837 σου
790 1774 849 1838 όιπὸ
876 1785 930 1838 τοῦ
957 1775 1102 1859 τραχήλου
1130 1794 1189 1838 σου
1303 1799 1304 1856 ῖ

173 1873 388 1954 πλημμελήσας
410 1873 609 1955 πλημμέλειαν
633 1873 778 1936 θανάτου.

515 2049 589 2134 [κδ’.
616 2051 705 2134 Περὶ
726 2047 843 2133 Λευλ]

240 2169 322 2231 Λευῒ
345 2167 378 2230 δέ
404 2169 562 2251 γενόμενος
591 2167 664 2230 έτῶν
691 2165 740 2248 με’
767 2166 904 2250 ἐγέννησε
935 2167 987 2229 τὸν
1014 2167 1108 2229 Καόιθ
1136 2168 1190 2230 καὶ

174 2267 245 2347 μετὰ
276 2277 362 2330 τοῦτο
393 2268 496 2348 ἔζησεν
527 2267 576 2346 έτη
609 2263 640 2328 9’
668 2265 717 2328 καί
748 2264 881 2328 ἀπέθανε
913 2265 1001 2344 ζήσας
1028 2265 1064 2326 τδι
1090 2266 1189 2327 πάντα

133 2381 161 2422 ευ
174 2365 223 2445 ἔτη
246 2362 304 2446 ρλ’.

512 2450 579 2531 [κε’.
607 2451 696 2536 Περὶ
717 2448 847 2533 Moza]

239 2568 333 2629 Καδιθ
360 2566 393 2629 δὲ
415 2567 572 2650 γενόμενος
598 2568 671 2630 έτῶν
699 2564 749 2648 ξη’
770 2565 908 2649 έγέννησε
931 2566 982 2628 τὸν
998 2565 1114 2649 ’Ἀβραμ
1136 2567 1191 2630 καλ
1303 2639 1304 2668 ρ

245 2738 261 2785 6
283 2730 562 2800 Ριεοᾶο-ίοοερλιοε.
599 2732 676 2787 Nam
702 2731 735 2785 ιἰι
761 2731 891 2802 yemis
917 2729 1034 2800 Josephi
1061 2732 1188 2800 ομειιλιαε

172 2803 245 2858 mm
261 2804 305 2857 his
322 2803 356 2858 de
372 2803 453 2857 νείκεε
470 2803 599 2858 tradam.
619 2831 657 2842 -ι
673 2807 707 2857 14
726 2801 793 2857 Gen.
814 2806 861 2870 2⁷,
880 2807 922 2856 40.
943 2833 977 2844 -
1002 2807 1106 2871 18-γι.
1125 2807 1189 2871 115,
1303 2823 1304 2872 γ

175 2880 191 2927 6
209 2875 243 2942 cf.
258 2874 314 2929 Leo
333 2872 455 2928 Gramm.
466 2892 496 2944 p.
512 2879 555 2942 24,
570 2878 647 2943 Ιερη.

246 3014 260 3061 1
279 3007 330 3078 τήν
349 3006 480 3062 διάθεσιν
498 3004 734 3077 παραγγείλαντες
750 3009 911 3062 τελευτῶσιν
924 3005 981 3061 BV.
1000 3038 1033 3047 -
1053 3012 1068 3060 2
1088 3005 1103 3061 ό
1122 3013 1191 3062 ante

171 3075 268 3134 Ἰσαὰκ
290 3096 341 3134 om.
364 3077 549 3133 BOFLMRV
576 3079 632 3147 (sed
656 3079 761 3133 οκίιίδεό
780 3077 834 3148 W).
863 3109 897 3119 —
926 3083 942 3132 6
966 3077 1109 3148 ίώσηππος
1132 3077 1191 3132 GR

174 3151 310 3213 ίόισιππος
322 3150 416 3203 ΑΗΜ.
432 3181 466 3190 -
486 3156 519 3204 10
539 3149 705 3217 ὀλοθρεῦσιν
725 3150 751 3203 Α
770 3147 936 3217 όλόδρευσιν
952 3148 1034 3204 CFH.
1050 3181 1084 3190 -
1099 3148 1192 3203 αὐτόν
1303 3177 1304 3210 ι

173 3239 224 3277 οιιι.
239 3221 320 3276 OFG.
336 3254 370 3262 —
389 3221 606 3284 έπαπειλοῦντος
619 3218 677 3274 GV.
692 3253 726 3262 -
745 3217 871 3283 ἐκτείνας
884 3219 945 3274 GR.
961 3252 994 3260 -—
1015 3226 1046 3275 11
1067 3219 1167 3275 όίακόι

173 3291 405 3348 BGFGLNRW.
424 3325 459 3334 -
476 3292 508 3346 τὸ
524 3290 606 3356 τόξον
625 3291 705 3346 codd.
718 3299 827 3362 praeter
840 3291 897 3346 BP.
918 3323 951 3332 -
969 3291 1020 3346 τὸν
1038 3307 1088 3347 om.
1104 3290 1157 3345 cod
1179 3333 1185 3344 .

166 3369 279 3432 praeter
296 3363 383 3417 NPR.
403 3393 437 3404 -
457 3369 490 3417 16
508 3359 695 3432 πλημμελείαν
714 3360 801 3434 (λίαν
820 3363 939 3453 AFHM)
958 3361 1129 3416 ADFHMP.
1151 3392 1191 3402 —‹

174 3439 208 3488 18
230 3435 305 3498 λενλς
326 3433 389 3487 RW
410 3436 492 3502 λευής
508 3433 542 3488 V.
567 3464 600 3474 -
629 3439 663 3488 19
686 3433 728 3559 9¹]
753 3433 784 3490 ν’
801 3433 862 3488 ΒΜ
885 3452 921 3488 πε
952 3433 987 3487 Η.
1010 3465 1044 3474 -
1069 3438 1103 3487 20
1126 3430 1187 3500 ρλε’

171 3503 255 3558 FGL,
275 3535 309 3545 —
329 3509 362 3557 22
381 3504 475 3576 ἅβραμ
492 3505 546 3558 BR
571 3504 685 3576 ἀβραδιμ
726 3504 750 3560 Gr
772 3504 868 3575 ἄμραμ
884 3503 946 3559 DP.

246 3632 280 3681 13
298 3626 475 3696 πεπλήρωται
493 3627 523 3682 Ρ.
