2617 3909
182 219 246 284 160
491 221 679 273 ΓΕΩΡΓΙΟΤ
696 221 880 273 MONAXOT

180 386 247 449 σαν,
270 366 286 430 δ
310 367 342 430 δὲ
364 377 418 448 τῆς
439 369 526 441 θείας
548 367 679 441 ἀκούσας
702 378 807 448 φωνῆς
830 369 984 449 λεγούσης·
1008 363 1089 430 είπα·
1115 368 1132 432 δ
1158 365 1202 432 οἶ-

180 467 232 540 κύς
255 484 310 528 σου
333 465 508 527 διελεύσεται
531 465 659 528 ἐνώπιόν
683 489 742 546 μου
764 465 819 539 ἕως
842 466 960 540 αἰῶνος.
997 465 1048 528 καί
1066 477 1127 529 νῦν
1146 468 1201 548 οὐχ

181 565 285 644 ούτως,
307 556 371 624 ἀλλ’
396 561 417 643 ῆ
439 563 510 637 τούς
537 565 713 638 δοξάζοντάς
737 587 771 644 με
794 564 924 644 δοξάσω,
951 562 1002 626 καί
1024 565 1057 626 ολ
1076 564 1202 638 ἐξουθε-

181 659 303 734 νοῦντίς
325 683 359 740 με
382 658 646 743 ἀτιμασθήσονται,
667 661 717 723 καί
735 661 939 744 ἕξολοθρεύσω
956 662 989 724 τὸ
1008 661 1126 745 σπέρμα
1145 681 1202 725 σου

154 758 214 822 σέκ
236 767 290 820 τού
312 760 530 839 θυσιαστηρίου
552 782 619 838 μου.
654 758 706 820 καί
724 759 825 820 πάλιν·
846 759 913 821 ἰδού
931 758 998 841 ἐγώ,
1022 777 1131 842 φησιν,
1154 761 1202 822 ἕκ-

182 857 255 917 δικῶ
282 855 335 917 τὸν
357 850 442 918 οίκον
460 851 540 918 Ἠλεί
565 856 621 930 ἕως
643 857 754 931 αἰῶνος
780 857 813 919 ἐν
840 855 969 931 ἀδικίαις
996 859 1072 919 υἱῶν
1095 858 1202 937 αύτού,

182 953 228 1014 ὅτι
244 958 474 1036 κακολογοῦντες
491 954 567 1017 θεὸν
585 955 617 1016 οί
631 954 694 1017 υἱοί
712 954 816 1036 αὐτού,
835 955 891 1017 ούκ
908 954 1061 1018 ἐνουθέτει
1080 957 1202 1030 αύτούς.

182 1062 274 1114 ταῦτα
295 1052 484 1134 προακούσας
506 1051 557 1114 καί
578 1052 634 1132 τὴν
652 1051 804 1136 ἀναίρεσιν
826 1064 886 1115 τῶν
903 1054 979 1115 υἱῶν
998 1053 1102 1136 αύτού,
1126 1049 1199 1136 μεθ’

182 1143 226 1212 ὧν
252 1149 302 1212 καί
328 1149 384 1229 την
410 1151 587 1234 παράληψιν
612 1160 666 1231 τῆς
692 1153 820 1232 κιβωτοῦ
847 1151 918 1231 μετά
943 1163 1034 1214 ταῦτα
1056 1154 1204 1236 διαγνούς

142 1270 170 1312 1⁰
182 1248 284 1311 ἔπεσεν
308 1246 368 1310 ἀπὸ
394 1257 448 1310 τού
476 1250 587 1330 δίφρον
614 1246 776 1329 ύπισθίως,
803 1249 853 1310 καί
878 1249 1044 1331 συντριβεὶς
1065 1251 1083 1314 δ
1105 1263 1204 1327 νῶτος

182 1346 286 1427 αύτού,
308 1344 461 1408 ἀπέθανεν
483 1345 558 1408 ἐτῶν
579 1343 618 1408 9¹.

250 1443 326 1526 Περί
357 1437 395 1505 ού
427 1461 522 1523 φησιν
548 1443 566 1506 δ
592 1443 815 1527 Χρυσύστομος·
847 1445 942 1528 ἱερεύς
972 1469 1016 1520 τις
1047 1439 1087 1527 ἦν
1119 1449 1205 1531 παρὰ

180 1536 337 1614 Ἰουδαίοις
359 1540 475 1622 μέτριος
496 1540 659 1623 ἅνθρωπος
679 1541 729 1604 καί
747 1542 887 1624 ἐπιεικής,
907 1539 987 1607 Ἠλεί
1004 1544 1149 1627 τούνομα,
1168 1544 1205 1620 ὃς
1302 1583 1303 1634 γ

182 1639 341 1720 γενόμενος
368 1638 423 1699 δύο
453 1640 571 1700 παίδων
596 1641 694 1724 πατὴρ
720 1639 770 1702 καί
797 1639 877 1724 δρῶν
904 1641 1013 1716 αύτούς
1040 1642 1089 1705 ἐπί
1111 1647 1205 1729 κακίηι
1302 1661 1303 1664 ’

143 1757 169 1798 τι
183 1737 357 1816 βαδίζοντας
385 1735 423 1797 ού
449 1742 580 1818 κατεῖχεν
606 1736 677 1800 οὐδὲ
701 1739 872 1816 διεκώλυεν,
900 1745 1010 1819 μᾶλλον
1033 1739 1065 1803 δὲ
1088 1749 1204 1823 κατεῖχε
1302 1793 1303 1820 1

185 1832 239 1913 μὲν
265 1832 316 1894 καὶ
343 1833 516 1915 διεκώλυεν,
544 1835 580 1897 ού
609 1835 680 1914 μετὰ
703 1837 837 1917 σπουδῆς
860 1834 893 1899 δὲ
916 1836 966 1899 καί
988 1838 1203 1922 σφοδρότητος.
1302 1843 1303 1868 ¹

182 1930 219 1992 τά
248 1929 281 1993 δὲ
308 1941 367 1993 τῶν
393 1933 523 1994 παιδίων
549 1932 716 2015 ἐγκλήματα
742 1935 865 2016 πορνεία
892 1957 921 1996 τε
945 1927 983 2014 ἦν
1010 1935 1060 1997 καί
1082 1955 1204 2018 γαστρι·
1302 1963 1303 2004 T

184 2031 301 2112 μαργία.
346 2029 508 2110 ἐκοιμῶντο
534 2032 605 2113 γάρ,
633 2033 742 2113 φησίν,
774 2031 846 2111 μετὰ
874 2042 934 2094 τῶν
962 2044 1114 2115 γυναικῶν
1141 2045 1205 2096 τῶν
1302 2041 1303 2064 ί

183 2129 408 2213 παρεστηκότων
429 2129 512 2211 παρὰ
536 2129 591 2209 τῆν
613 2130 715 2211 θύραν
741 2139 794 2210 τῆς
821 2141 935 2211 σκηνῆς
961 2141 1014 2193 τοῦ
1038 2135 1204 2215 μαρτυρίου
1302 2125 1303 2134 ¹

143 2248 170 2288 νο
183 2227 234 2290 καί
254 2227 368 2308 ἤσθιον
389 2229 447 2310 πρὸ
470 2237 524 2290 τού
546 2226 731 2310 ἀγιασθῆναι
752 2227 787 2288 τά
809 2227 916 2310 κρέατα
939 2228 989 2290 καί
1012 2229 1066 2309 τὴν
1087 2232 1205 2292 θυσίαν
1302 2237 1303 2308 ἶ

183 2325 389 2407 ἀνενεχθῆναι.
424 2327 499 2407 ἀπερ
520 2324 641 2388 ἀκούων
665 2325 795 2406 δπατηρ
817 2327 962 2408 τιμωρίαν
984 2324 1038 2406 μὲν
1056 2327 1112 2389 ούκ
1135 2327 1149 2390 ἒ
1173 2327 1205 2390 ἑ·
1302 2323 1303 2368 ἕ

183 2429 294 2503 θηκεν,
321 2424 420 2504 λόγοις
447 2422 480 2485 δὲ
506 2423 557 2485 καί
583 2423 790 2505 παραινέσεσιν
818 2422 952 2507 ἐπειρᾶτο
979 2434 1032 2505 τῆς
1054 2428 1204 2508 πονηρίας

183 2521 292 2600 ταύτης
314 2519 476 2601 ἀπαγαγεῖν
499 2520 608 2594 αύτούς
630 2520 735 2604 λέγων·
760 2521 811 2601 μή,
834 2519 931 2603 τέκνα,
954 2521 995 2602 μὴ
1018 2529 1125 2584 ποιεῖτε
1148 2526 1203 2586 ού-

257 2748 271 2796 1
290 2743 311 2796 Ι.
326 2743 415 2814 Regg.
434 2750 464 2811 2,
479 2749 526 2810 303
546 2751 588 2799 31.
607 2777 643 2786 -
667 2752 682 2800 5
706 2745 726 2799 1.
741 2746 829 2816 Regg.
850 2751 880 2811 3,
902 2751 943 2800 13.
963 2778 998 2788 -
1017 2753 1122 2817 12-μ.
1139 2753 1204 2818 163,
1302 2753 1303 2768 ³

185 2819 200 2867 9
220 2812 360 2883 chrysost.
379 2814 448 2868 Adv.
467 2831 591 2886 oppugn.
610 2817 687 2871 vitae
705 2819 825 2871 monast.
844 2817 890 2884 111,
906 2823 922 2870 3
947 2818 1044 2888 Migne
1062 2819 1141 2874 Tom.
1157 2827 1203 2889 47,

185 2891 237 2939 εον
251 2887 319 2940 μοι.
339 2917 373 2924 -
394 2891 427 2940 18
445 2884 465 2939 1.
481 2884 569 2957 Raegg.
585 2893 610 2954 ε,
625 2894 667 2942 22.
687 2919 722 2928 -
742 2893 775 2942 23
794 2888 814 2942 1.
829 2888 918 2959 Rogg.
933 2895 958 2958 ε,
973 2895 1021 2956 κι;
1035 2896 1078 2945 νο.

257 3070 270 3118 1
296 3072 394 3134 φωνῆς
415 3063 538 3128 ἀκούσας
561 3063 646 3120 cm
670 3097 705 3107 -
730 3073 744 3121 7
769 3063 892 3121 ὅτι-οἱ
914 3067 973 3122 υἱοί
996 3069 1085 3122 αὐτοῦ
1106 3085 1159 3124 om.
1182 3069 1203 3125 O
1302 3055 1303 3082 ³

185 3133 352 3189 δτι-υἱῶν
370 3135 458 3189 αύτού
477 3152 527 3190 om.
546 3136 580 3188 R.
604 3169 639 3178 -
664 3143 698 3191 10
717 3137 912 3210 συντριβέντος
933 3147 983 3194 τοῦ
1002 3139 1093 3194 νάτον
1112 3141 1204 3196 αὐτοῦ

184 3205 239 3260 FG.
264 3238 298 3246 —
319 3212 351 3261 11
371 3205 440 3262 ἐτῶν
463 3206 597 3279 ύπάρχων
620 3207 723 3263 9'BL.
744 3240 777 3249 -
805 3215 839 3263 14
860 3209 906 3264 ἐπὶ
928 3207 1033 3265 κακίαν
1051 3209 1146 3264 Οὒλπ.
1168 3243 1203 3254 —
1302 3223 1303 3226 ’

186 3282 219 3330 16
238 3279 545 3346 μᾶλλον-διεκώλυεν
563 3295 614 3334 om,
633 3280 689 3333 LR.
714 3311 748 3320 -
771 3300 798 3348 μ.
818 3281 868 3349 μὲν
889 3290 998 3352 κατεῖχε
1022 3283 1072 3336 καί
1089 3281 1146 3336 FG.
1167 3315 1204 3324 —
1302 3291 1303 3296 ’

186 3352 218 3401 11
237 3344 349 3403 παίδων
363 3348 501 3404 ABGNR
512 3349 574 3403 chr.
588 3381 624 3391 —
637 3344 674 3418 ἦν
688 3366 738 3404 om.
753 3350 808 3405 AG
825 3371 855 3405 τε
869 3345 904 3421 ἦν
918 3368 969 3406 om.
984 3352 1015 3406 B.
1031 3385 1065 3393 —
1083 3359 1118 3407 20
1133 3353 1205 3423 κρέα

184 3417 313 3472 DRGhr.
333 3450 366 3459 —
387 3424 418 3473 21
440 3419 592 3491 ἐνεχθῆναι
610 3420 671 3474 MR
689 3421 879 3490 ἀναιρεθῆναι
899 3422 930 3477 G.

256 3597 290 3646 15
310 3593 389 3666 ούδδ]
407 3593 471 3650 ούτε
490 3597 512 3649 Ρ
540 3628 572 3637 —-
593 3604 626 3652 21
646 3597 793 3669 ἀπίθηκεν
811 3600 841 3654 P.
