<?xml version="1.0" encoding="UTF-8"?>
<!DOCTYPE html PUBLIC "-//W3C//DTD XHTML 1.0 Transitional//EN"
    "http://www.w3.org/TR/xhtml1/DTD/xhtml1-transitional.dtd">
<html xmlns="http://www.w3.org/1999/xhtml" xml:lang="en" lang="en">
 <head>
  <title>
</title>
<meta http-equiv="Content-Type" content="text/html;charset=utf-8" />
  <meta name='ocr-system' content='tesseract 3.04.00' />
  <meta name='ocr-capabilities' content='ocr_page ocr_carea ocr_par ocr_line ocrx_word'/>
</head>
<body>
  <div class='ocr_page' id='page_1' title='image "./georgiimonachic01boorgoog_0258.png"; bbox 0 0 2617 3909; ppageno 0'>
   <div class='ocr_carea' id='block_1_1' title="bbox 187 199 1199 428">
    <p class='ocr_par' dir='ltr' id='par_1_1' title="bbox 187 199 1199 428">
     <span class='ocr_line' id='line_1_1' title="bbox 189 199 880 266; baseline -0.007 -11"><span class='ocrx_word' id='word_1_1' title='bbox 189 203 253 266; x_wconf 77' lang='grc'><strong><em>170</em></strong></span> <span class='ocrx_word' id='word_1_2' title='bbox 494 201 680 253; x_wconf 69' lang='grc' dir='ltr'>ΓΕΩΡΓΙΟΤ</span> <span class='ocrx_word' id='word_1_3' title='bbox 698 199 880 252; x_wconf 78' lang='grc' dir='ltr'><strong>ΜΟΝΑΧΟΤ</strong></span> 
     </span>
     <span class='ocr_line' id='line_1_2' title="bbox 187 341 1199 428; baseline -0.004 -16"><span class='ocrx_word' id='word_1_4' title='bbox 187 350 237 412; x_wconf 82' lang='grc' dir='ltr'><strong><em>καί</em></strong></span> <span class='ocrx_word' id='word_1_5' title='bbox 263 352 295 414; x_wconf 87' lang='grc' dir='ltr'><strong><em>τό</em></strong></span> <span class='ocrx_word' id='word_1_6' title='bbox 322 348 430 423; x_wconf 98' lang='grc' dir='ltr'><strong><em>πλάτος</em></strong></span> <span class='ocrx_word' id='word_1_7' title='bbox 457 341 499 428; x_wconf 73' lang='grc' dir='ltr'><strong><em>δ’,</em></strong></span> <span class='ocrx_word' id='word_1_8' title='bbox 526 346 577 409; x_wconf 78' lang='grc' dir='ltr'><strong><em>καί</em></strong></span> <span class='ocrx_word' id='word_1_9' title='bbox 598 346 714 408; x_wconf 85' lang='grc' dir='ltr'><strong><em>Γολιδιθ</em></strong></span> <span class='ocrx_word' id='word_1_10' title='bbox 737 343 753 407; x_wconf 90' lang='grc' dir='ltr'><strong><em>ὑ</em></strong></span> <span class='ocrx_word' id='word_1_11' title='bbox 775 344 956 425; x_wconf 79' lang='grc' dir='ltr'><em>ἀλλόφυλος,</em></span> <span class='ocrx_word' id='word_1_12' title='bbox 982 343 1033 406; x_wconf 83' lang='grc' dir='ltr'><strong><em>καί</em></strong></span> <span class='ocrx_word' id='word_1_13' title='bbox 1056 345 1163 407; x_wconf 79' lang='grc' dir='ltr'><strong><em>Σαοὺλ</em></strong></span> <span class='ocrx_word' id='word_1_14' title='bbox 1184 344 1199 408; x_wconf 83' lang='grc' dir='ltr'><strong><em>δ</em></strong></span> 
     </span>
    </p>
   </div>
   <div class='ocr_carea' id='block_1_2' title="bbox 187 440 1305 527">
    <p class='ocr_par' dir='ltr' id='par_1_2' title="bbox 187 440 1305 527">
     <span class='ocr_line' id='line_1_3' title="bbox 187 440 1305 527; baseline -0.004 -17"><span class='ocrx_word' id='word_1_15' title='bbox 187 449 297 523; x_wconf 85' lang='grc' dir='ltr'><strong><em>παντὸς</em></strong></span> <span class='ocrx_word' id='word_1_16' title='bbox 321 442 438 527; x_wconf 82' lang='grc' dir='ltr'><strong><em>Ἰσραήλ</em></strong></span> <span class='ocrx_word' id='word_1_17' title='bbox 469 445 645 527; x_wconf 84' lang='grc' dir='ltr'><strong><em>ὑπερωμίας.</em></strong></span> <span class='ocrx_word' id='word_1_18' title='bbox 689 440 753 506; x_wconf 88' lang='grc' dir='ltr'><strong><em>ἀλλ’</em></strong></span> <span class='ocrx_word' id='word_1_19' title='bbox 783 442 872 507; x_wconf 78' lang='grc' dir='ltr'><strong><em>οὐδὲν</em></strong></span> <span class='ocrx_word' id='word_1_20' title='bbox 903 443 1012 517; x_wconf 84' lang='grc' dir='ltr'><strong><em>αότοὺς</em></strong></span> <span class='ocrx_word' id='word_1_21' title='bbox 1039 442 1139 522; x_wconf 81' lang='grc' dir='ltr'><strong><em>ὤνησε</em></strong></span> <span class='ocrx_word' id='word_1_22' title='bbox 1169 445 1200 506; x_wconf 85' lang='grc' dir='ltr'><strong><em>τὸ</em></strong></span> <span class='ocrx_word' id='word_1_23' title='bbox 1304 507 1305 512; x_wconf 16' lang='lat'>1</span> 
     </span>
    </p>
   </div>
   <div class='ocr_carea' id='block_1_3' title="bbox 187 540 1201 725">
    <p class='ocr_par' dir='ltr' id='par_1_3' title="bbox 187 540 1201 725">
     <span class='ocr_line' id='line_1_4' title="bbox 190 540 1201 629; baseline -0.005 -21"><span class='ocrx_word' id='word_1_24' title='bbox 190 546 315 629; x_wconf 71' lang='grc' dir='ltr'><strong><em>μέγεθος</em></strong></span> <span class='ocrx_word' id='word_1_25' title='bbox 333 553 386 607; x_wconf 78' lang='grc' dir='ltr'><strong><em>τοῦ</em></strong></span> <span class='ocrx_word' id='word_1_26' title='bbox 404 544 537 624; x_wconf 83' lang='grc' dir='ltr'><strong><em>σώματος</em></strong></span> <span class='ocrx_word' id='word_1_27' title='bbox 555 543 626 622; x_wconf 82' lang='grc' dir='ltr'><strong><em>μετὰ</em></strong></span> <span class='ocrx_word' id='word_1_28' title='bbox 642 551 695 622; x_wconf 78' lang='grc' dir='ltr'><strong><em>τῆς</em></strong></span> <span class='ocrx_word' id='word_1_29' title='bbox 713 546 823 622; x_wconf 77' lang='grc' dir='ltr'><strong><em>πολλῆς</em></strong></span> <span class='ocrx_word' id='word_1_30' title='bbox 840 541 955 622; x_wconf 93' lang='grc' dir='ltr'><strong><em>ἐκείνης</em></strong></span> <span class='ocrx_word' id='word_1_31' title='bbox 973 541 1074 621; x_wconf 81' lang='grc' dir='ltr'><em>ἰσχύος</em></span> <span class='ocrx_word' id='word_1_32' title='bbox 1095 540 1201 623; x_wconf 84' lang='grc' dir='ltr'><strong><em>ἀρετής</em></strong></span> 
     </span>
     <span class='ocr_line' id='line_1_5' title="bbox 187 638 1201 725; baseline -0.006 -19"><span class='ocrx_word' id='word_1_33' title='bbox 187 643 316 725; x_wconf 89' lang='grc' dir='ltr'><strong><em>ἐρήμους</em></strong></span> <span class='ocrx_word' id='word_1_34' title='bbox 342 641 527 723; x_wconf 73' lang='grc' dir='ltr'><strong><em>ὑπάρχοντας</em></strong></span> <span class='ocrx_word' id='word_1_35' title='bbox 552 639 604 702; x_wconf 85' lang='grc' dir='ltr'><strong><em>καί</em></strong></span> <span class='ocrx_word' id='word_1_36' title='bbox 629 649 682 720; x_wconf 85' lang='grc' dir='ltr'><strong><em>τής</em></strong></span> <span class='ocrx_word' id='word_1_37' title='bbox 706 641 791 713; x_wconf 78' lang='grc' dir='ltr'><strong><em>θείοις</em></strong></span> <span class='ocrx_word' id='word_1_38' title='bbox 813 638 967 713; x_wconf 77' lang='grc' dir='ltr'><strong><em>ἐπιεικείας</em></strong></span> <span class='ocrx_word' id='word_1_39' title='bbox 989 638 1201 720; x_wconf 78' lang='grc' dir='ltr'><strong><em>φρονήσαντας</em></strong></span> 
     </span>
    </p>
   </div>
   <div class='ocr_carea' id='block_1_4' title="bbox 162 740 1201 918">
    <p class='ocr_par' dir='ltr' id='par_1_4' title="bbox 162 740 1201 918">
     <span class='ocr_line' id='line_1_6' title="bbox 162 740 382 822; baseline -0.005 -20"><span class='ocrx_word' id='word_1_40' title='bbox 162 761 175 802; x_wconf 79' lang='grc' dir='ltr'><strong><em>ε</em></strong></span> <span class='ocrx_word' id='word_1_41' title='bbox 188 740 382 822; x_wconf 79' lang='grc' dir='ltr'><strong><em>ὑψηλότερον.</em></strong></span> 
     </span>
     <span class='ocr_line' id='line_1_7' title="bbox 246 832 1201 918; baseline -0.005 -17"><span class='ocrx_word' id='word_1_42' title='bbox 246 835 312 900; x_wconf 85' lang='grc' dir='ltr'><strong><em>Ὅτι</em></strong></span> <span class='ocrx_word' id='word_1_43' title='bbox 334 836 367 900; x_wconf 75' lang='grc' dir='ltr'><strong><em>δὲ</em></strong></span> <span class='ocrx_word' id='word_1_44' title='bbox 389 837 445 900; x_wconf 85' lang='grc' dir='ltr'><strong><em>οὑκ</em></strong></span> <span class='ocrx_word' id='word_1_45' title='bbox 466 835 615 918; x_wconf 74' lang='grc' dir='ltr'><strong><em>ἀνήγαγεν</em></strong></span> <span class='ocrx_word' id='word_1_46' title='bbox 637 835 760 914; x_wconf 83' lang='grc' dir='ltr'><strong><em>ἀληθῶς</em></strong></span> <span class='ocrx_word' id='word_1_47' title='bbox 780 835 832 897; x_wconf 87' lang='grc' dir='ltr'><strong><em>τόν</em></strong></span> <span class='ocrx_word' id='word_1_48' title='bbox 850 834 995 914; x_wconf 84' lang='grc' dir='ltr'><strong><em>Σαμουήλ</em></strong></span> <span class='ocrx_word' id='word_1_49' title='bbox 1013 832 1033 914; x_wconf 86' lang='grc' dir='ltr'><strong><em>ή</em></strong></span> <span class='ocrx_word' id='word_1_50' title='bbox 1051 834 1201 916; x_wconf 84' lang='grc' dir='ltr'><strong><em>ἐγγαστρί-</em></strong></span> 
     </span>
    </p>
   </div>
   <div class='ocr_carea' id='block_1_5' title="bbox 188 931 1305 1122">
    <p class='ocr_par' dir='ltr' id='par_1_5' title="bbox 188 931 1305 1122">
     <span class='ocr_line' id='line_1_8' title="bbox 188 931 1305 1018; baseline -0.007 -20"><span class='ocrx_word' id='word_1_51' title='bbox 188 943 301 1018; x_wconf 84' lang='grc' dir='ltr'><strong><em>μνθος,</em></strong></span> <span class='ocrx_word' id='word_1_52' title='bbox 333 934 373 1010; x_wconf 82' lang='grc' dir='ltr'><strong><em>ὡς</em></strong></span> <span class='ocrx_word' id='word_1_53' title='bbox 405 936 520 998; x_wconf 78' lang='grc' dir='ltr'><strong><em>οἴονταί</em></strong></span> <span class='ocrx_word' id='word_1_54' title='bbox 548 957 625 1008; x_wconf 92' lang='grc' dir='ltr'><strong><em>τινες</em></strong></span> <span class='ocrx_word' id='word_1_55' title='bbox 657 933 707 996; x_wconf 85' lang='grc' dir='ltr'><strong><em>διδι</em></strong></span> <span class='ocrx_word' id='word_1_56' title='bbox 737 933 770 995; x_wconf 88' lang='grc' dir='ltr'><strong><em>τὸ</em></strong></span> <span class='ocrx_word' id='word_1_57' title='bbox 797 931 852 1011; x_wconf 89' lang='grc' dir='ltr'><strong><em>τήν</em></strong></span> <span class='ocrx_word' id='word_1_58' title='bbox 884 933 1014 1013; x_wconf 83' lang='grc' dir='ltr'><strong><em>ἱστορίαν</em></strong></span> <span class='ocrx_word' id='word_1_59' title='bbox 1041 933 1073 995; x_wconf 89' lang='grc' dir='ltr'><strong><em>τὸ</em></strong></span> <span class='ocrx_word' id='word_1_60' title='bbox 1103 933 1201 1011; x_wconf 79' lang='grc' dir='ltr'><strong><em>φανὲν</em></strong></span> <span class='ocrx_word' id='word_1_61' title='bbox 1304 961 1305 990; x_wconf 64' lang='grc' dir='ltr'><strong><em>ι</em></strong></span> 
     </span>
     <span class='ocr_line' id='line_1_9' title="bbox 188 1026 1305 1122; baseline -0.006 -25"><span class='ocrx_word' id='word_1_62' title='bbox 188 1036 282 1109; x_wconf 83' lang='grc' dir='ltr'><strong><em>οὑτως</em></strong></span> <span class='ocrx_word' id='word_1_63' title='bbox 303 1034 476 1115; x_wconf 78' lang='grc' dir='ltr'><strong><em>ἀδιαφόρως</em></strong></span> <span class='ocrx_word' id='word_1_64' title='bbox 503 1031 662 1113; x_wconf 77' lang='grc' dir='ltr'><strong><em>ὀνομάσαι,</em></strong></span> <span class='ocrx_word' id='word_1_65' title='bbox 689 1040 806 1112; x_wconf 80' lang='grc' dir='ltr'><strong><em>πρῶτον</em></strong></span> <span class='ocrx_word' id='word_1_66' title='bbox 833 1026 887 1108; x_wconf 75' lang='grc' dir='ltr'><strong><em>μὲν</em></strong></span> <span class='ocrx_word' id='word_1_67' title='bbox 910 1029 1002 1109; x_wconf 82' lang='grc' dir='ltr'><strong><em>δῆλον</em></strong></span> <span class='ocrx_word' id='word_1_68' title='bbox 1024 1028 1057 1091; x_wconf 92' lang='grc' dir='ltr'><strong><em>ἐκ</em></strong></span> <span class='ocrx_word' id='word_1_69' title='bbox 1078 1038 1133 1091; x_wconf 79' lang='grc' dir='ltr'><strong><em>τοῦ</em></strong></span> <span class='ocrx_word' id='word_1_70' title='bbox 1159 1031 1198 1111; x_wconf 83' lang='grc' dir='ltr'><strong><em>μή</em></strong></span> <span class='ocrx_word' id='word_1_71' title='bbox 1304 1109 1305 1122; x_wconf 22' lang='lat'>1</span> 
     </span>
    </p>
   </div>
   <div class='ocr_carea' id='block_1_6' title="bbox 148 1126 1203 1699">
    <p class='ocr_par' dir='ltr' id='par_1_6' title="bbox 148 1126 1203 1699">
     <span class='ocr_line' id='line_1_10' title="bbox 189 1126 1202 1215; baseline -0.005 -20"><span class='ocrx_word' id='word_1_72' title='bbox 189 1132 290 1215; x_wconf 79' lang='grc' dir='ltr'><strong><em>φέρειν</em></strong></span> <span class='ocrx_word' id='word_1_73' title='bbox 313 1133 441 1210; x_wconf 88' lang='grc' dir='ltr'><strong><em>δαίμονα</em></strong></span> <span class='ocrx_word' id='word_1_74' title='bbox 462 1129 631 1212; x_wconf 82' lang='grc' dir='ltr'><strong><em>προσβολήν</em></strong></span> <span class='ocrx_word' id='word_1_75' title='bbox 654 1128 748 1212; x_wconf 81' lang='grc' dir='ltr'><strong><em>ἁγίου.</em></strong></span> <span class='ocrx_word' id='word_1_76' title='bbox 794 1128 822 1189; x_wconf 87' lang='grc' dir='ltr'><strong><em>εί</em></strong></span> <span class='ocrx_word' id='word_1_77' title='bbox 842 1126 897 1210; x_wconf 82' lang='grc' dir='ltr'><strong><em>γάρ</em></strong></span> <span class='ocrx_word' id='word_1_78' title='bbox 920 1127 961 1189; x_wconf 75' lang='grc' dir='ltr'><strong><em>ἐτι</em></strong></span> <span class='ocrx_word' id='word_1_79' title='bbox 983 1127 1016 1189; x_wconf 88' lang='grc' dir='ltr'><strong><em>ἐν</em></strong></span> <span class='ocrx_word' id='word_1_80' title='bbox 1039 1127 1127 1208; x_wconf 80' lang='grc' dir='ltr'><strong><em>σαρκί</em></strong></span> <span class='ocrx_word' id='word_1_81' title='bbox 1150 1150 1202 1190; x_wconf 91' lang='grc' dir='ltr'><strong><em>πε-</em></strong></span> 
     </span>
     <span class='ocr_line' id='line_1_11' title="bbox 148 1225 1202 1314; baseline -0.005 -21"><span class='ocrx_word' id='word_1_82' title='bbox 148 1252 175 1293; x_wconf 85' lang='grc' dir='ltr'><strong><em>εο</em></strong></span> <span class='ocrx_word' id='word_1_83' title='bbox 188 1233 305 1314; x_wconf 88' lang='grc' dir='ltr'><strong><em>ριόντας</em></strong></span> <span class='ocrx_word' id='word_1_84' title='bbox 332 1231 514 1309; x_wconf 80' lang='grc' dir='ltr'><strong><em>δεδοίκασιν,</em></strong></span> <span class='ocrx_word' id='word_1_85' title='bbox 541 1237 604 1301; x_wconf 78' lang='grc' dir='ltr'><strong><em>πῶς</em></strong></span> <span class='ocrx_word' id='word_1_86' title='bbox 625 1226 664 1288; x_wconf 80' lang='grc' dir='ltr'><strong><em>διν</em></strong></span> <span class='ocrx_word' id='word_1_87' title='bbox 687 1226 860 1306; x_wconf 83' lang='grc' dir='ltr'><strong><em>ἀσωμάτους</em></strong></span> <span class='ocrx_word' id='word_1_88' title='bbox 883 1225 958 1287; x_wconf 87' lang='grc' dir='ltr'><strong><em>ίδεῖν</em></strong></span> <span class='ocrx_word' id='word_1_89' title='bbox 981 1226 1202 1307; x_wconf 83' lang='grc' dir='ltr'><strong><em>καρτερήσειεν;</em></strong></span> 
     </span>
     <span class='ocr_line' id='line_1_12' title="bbox 189 1322 1201 1411; baseline -0.006 -19"><span class='ocrx_word' id='word_1_90' title='bbox 189 1330 325 1411; x_wconf 75' lang='grc' dir='ltr'><strong><em>δεύτερον</em></strong></span> <span class='ocrx_word' id='word_1_91' title='bbox 348 1326 389 1409; x_wconf 80' lang='grc' dir='ltr'><strong><em>δέ,</em></strong></span> <span class='ocrx_word' id='word_1_92' title='bbox 413 1328 457 1389; x_wconf 86' lang='grc' dir='ltr'><strong><em>ότι</em></strong></span> <span class='ocrx_word' id='word_1_93' title='bbox 475 1327 531 1388; x_wconf 84' lang='grc' dir='ltr'><strong><em>οὑκ</em></strong></span> <span class='ocrx_word' id='word_1_94' title='bbox 548 1326 640 1389; x_wconf 79' lang='grc' dir='ltr'><strong><em>αὑτὸν</em></strong></span> <span class='ocrx_word' id='word_1_95' title='bbox 659 1324 818 1406; x_wconf 86' lang='grc' dir='ltr'><strong><em>ἀνήγαγεν,</em></strong></span> <span class='ocrx_word' id='word_1_96' title='bbox 840 1322 914 1384; x_wconf 87' lang='grc' dir='ltr'><strong><em>ἀλλδι</em></strong></span> <span class='ocrx_word' id='word_1_97' title='bbox 932 1323 1085 1404; x_wconf 77' lang='grc' dir='ltr'><strong><em>φάσματος</em></strong></span> <span class='ocrx_word' id='word_1_98' title='bbox 1104 1323 1201 1386; x_wconf 75' lang='grc' dir='ltr'><strong><em>ἰδέαν</em></strong></span> 
     </span>
     <span class='ocr_line' id='line_1_13' title="bbox 188 1414 1203 1509; baseline -0.007 -19"><span class='ocrx_word' id='word_1_99' title='bbox 188 1426 283 1509; x_wconf 82' lang='grc' dir='ltr'><strong><em>δγὰρ</em></strong></span> <span class='ocrx_word' id='word_1_100' title='bbox 306 1425 339 1488; x_wconf 87' lang='grc' dir='ltr'><strong><em>ἐκ</em></strong></span> <span class='ocrx_word' id='word_1_101' title='bbox 367 1434 468 1506; x_wconf 77' lang='grc' dir='ltr'><strong><em>ψυχῆς</em></strong></span> <span class='ocrx_word' id='word_1_102' title='bbox 494 1423 544 1485; x_wconf 84' lang='grc' dir='ltr'><strong><em>καί</em></strong></span> <span class='ocrx_word' id='word_1_103' title='bbox 572 1424 704 1503; x_wconf 82' lang='grc' dir='ltr'><strong><em>στόματος</em></strong></span> <span class='ocrx_word' id='word_1_104' title='bbox 731 1419 916 1503; x_wconf 85' lang='grc' dir='ltr'><strong><em>ήρμοσμένος</em></strong></span> <span class='ocrx_word' id='word_1_105' title='bbox 943 1414 1030 1495; x_wconf 87' lang='grc' dir='ltr'><strong><em>οὑτός</em></strong></span> <span class='ocrx_word' id='word_1_106' title='bbox 1054 1421 1115 1484; x_wconf 86' lang='grc' dir='ltr'><strong><em>ἐστι</em></strong></span> <span class='ocrx_word' id='word_1_107' title='bbox 1138 1427 1203 1483; x_wconf 91' lang='grc' dir='ltr'><strong><em>Σα-</em></strong></span> 
     </span>
     <span class='ocr_line' id='line_1_14' title="bbox 189 1515 1201 1603; baseline -0.003 -18"><span class='ocrx_word' id='word_1_108' title='bbox 189 1525 295 1603; x_wconf 81' lang='grc' dir='ltr'><strong><em>μουήλ,</em></strong></span> <span class='ocrx_word' id='word_1_109' title='bbox 319 1520 359 1596; x_wconf 80' lang='grc' dir='ltr'><strong><em>ὡς</em></strong></span> <span class='ocrx_word' id='word_1_110' title='bbox 380 1520 430 1582; x_wconf 85' lang='grc' dir='ltr'><strong><em>καί</em></strong></span> <span class='ocrx_word' id='word_1_111' title='bbox 453 1519 640 1600; x_wconf 82' lang='grc' dir='ltr'><strong><em>όλοσοόματον</em></strong></span> <span class='ocrx_word' id='word_1_112' title='bbox 663 1515 740 1581; x_wconf 86' lang='grc' dir='ltr'><strong><em>είδεν</em></strong></span> <span class='ocrx_word' id='word_1_113' title='bbox 763 1519 854 1582; x_wconf 81' lang='grc' dir='ltr'><strong><em>αὑτὸν</em></strong></span> <span class='ocrx_word' id='word_1_114' title='bbox 876 1516 926 1579; x_wconf 85' lang='grc' dir='ltr'><strong><em>καλ</em></strong></span> <span class='ocrx_word' id='word_1_115' title='bbox 948 1520 1059 1581; x_wconf 89' lang='grc' dir='ltr'><strong><em>Σαοόλ.</em></strong></span> <span class='ocrx_word' id='word_1_116' title='bbox 1100 1521 1201 1601; x_wconf 91' lang='grc' dir='ltr'><strong><em>τρίτον</em></strong></span> 
     </span>
     <span class='ocr_line' id='line_1_15' title="bbox 189 1615 1203 1699; baseline -0.002 -17"><span class='ocrx_word' id='word_1_117' title='bbox 189 1619 221 1682; x_wconf 81' lang='grc' dir='ltr'><strong><em>δέ</em></strong></span> <span class='ocrx_word' id='word_1_118' title='bbox 243 1618 294 1681; x_wconf 78' lang='grc' dir='ltr'><strong><em>καί</em></strong></span> <span class='ocrx_word' id='word_1_119' title='bbox 315 1615 335 1697; x_wconf 89' lang='grc' dir='ltr'><strong><em>ή</em></strong></span> <span class='ocrx_word' id='word_1_120' title='bbox 358 1619 519 1699; x_wconf 83' lang='grc' dir='ltr'><strong><em>πρόρρησις</em></strong></span> <span class='ocrx_word' id='word_1_121' title='bbox 539 1617 656 1696; x_wconf 80' lang='grc' dir='ltr'><strong><em>ψευδής</em></strong></span> <span class='ocrx_word' id='word_1_122' title='bbox 674 1617 733 1680; x_wconf 85' lang='grc' dir='ltr'><strong><em>ἐστι</em></strong></span> <span class='ocrx_word' id='word_1_123' title='bbox 752 1615 875 1698; x_wconf 81' lang='grc' dir='ltr'><strong><em>λέγουσα</em></strong></span> <span class='ocrx_word' id='word_1_124' title='bbox 893 1616 949 1678; x_wconf 82' lang='grc' dir='ltr'><strong><em>ὅτι·</em></strong></span> <span class='ocrx_word' id='word_1_125' title='bbox 969 1615 1075 1698; x_wconf 85' lang='grc' dir='ltr'><strong><em>αόριον</em></strong></span> <span class='ocrx_word' id='word_1_126' title='bbox 1093 1617 1131 1679; x_wconf 85' lang='grc' dir='ltr'><strong><em>σὺ</em></strong></span> <span class='ocrx_word' id='word_1_127' title='bbox 1151 1617 1203 1680; x_wconf 81' lang='grc' dir='ltr'><strong><em>καὶ</em></strong></span> 
     </span>
    </p>
   </div>
   <div class='ocr_carea' id='block_1_7' title="bbox 149 1713 1305 1797">
    <p class='ocr_par' dir='ltr' id='par_1_7' title="bbox 149 1713 1305 1797">
     <span class='ocr_line' id='line_1_16' title="bbox 149 1713 1305 1797; baseline -0.006 -17"><span class='ocrx_word' id='word_1_128' title='bbox 149 1737 175 1780; x_wconf 80' lang='grc' dir='ltr'><strong><em>ιτ</em></strong></span> <span class='ocrx_word' id='word_1_129' title='bbox 188 1718 221 1779; x_wconf 80' lang='grc' dir='ltr'><strong><em>οἱ</em></strong></span> <span class='ocrx_word' id='word_1_130' title='bbox 240 1717 304 1778; x_wconf 86' lang='grc' dir='ltr'><strong><em>υίοί</em></strong></span> <span class='ocrx_word' id='word_1_131' title='bbox 319 1733 374 1777; x_wconf 89' lang='grc' dir='ltr'><strong><em>σου</em></strong></span> <span class='ocrx_word' id='word_1_132' title='bbox 392 1723 558 1777; x_wconf 76' lang='grc' dir='ltr'><strong><em>πεσοῦνται.</em></strong></span> <span class='ocrx_word' id='word_1_133' title='bbox 595 1715 665 1794; x_wconf 88' lang='grc' dir='ltr'><strong><em>μετδι</em></strong></span> <span class='ocrx_word' id='word_1_134' title='bbox 682 1715 738 1797; x_wconf 82' lang='grc' dir='ltr'><strong><em>γὰρ</em></strong></span> <span class='ocrx_word' id='word_1_135' title='bbox 756 1713 867 1797; x_wconf 83' lang='grc' dir='ltr'><strong><em>ήμέρας</em></strong></span> <span class='ocrx_word' id='word_1_136' title='bbox 885 1713 916 1777; x_wconf 78' lang='grc' dir='ltr'><strong><em>δ’</em></strong></span> <span class='ocrx_word' id='word_1_137' title='bbox 934 1714 1067 1778; x_wconf 80' lang='grc' dir='ltr'><strong><em>ἀπέθανε</em></strong></span> <span class='ocrx_word' id='word_1_138' title='bbox 1087 1717 1203 1796; x_wconf 75' lang='grc' dir='ltr'><strong><em>Σαούλ,</em></strong></span> <span class='ocrx_word' id='word_1_139' title='bbox 1304 1723 1305 1758; x_wconf 65' lang='lat'><em>³</em></span> 
     </span>
    </p>
   </div>
   <div class='ocr_carea' id='block_1_8' title="bbox 97 1807 1305 2289">
    <p class='ocr_par' dir='ltr' id='par_1_8' title="bbox 97 1807 1305 2289">
     <span class='ocr_line' id='line_1_17' title="bbox 188 1807 1305 1895; baseline -0.002 -19"><span class='ocrx_word' id='word_1_140' title='bbox 188 1812 428 1895; x_wconf 72' lang='grc' dir='ltr'><strong><em>ὑποστρέψαντος</em></strong></span> <span class='ocrx_word' id='word_1_141' title='bbox 458 1821 512 1874; x_wconf 78' lang='grc' dir='ltr'><strong><em>τοῦ</em></strong></span> <span class='ocrx_word' id='word_1_142' title='bbox 539 1811 638 1874; x_wconf 83' lang='grc' dir='ltr'><strong><em>Δαυίδ</em></strong></span> <span class='ocrx_word' id='word_1_143' title='bbox 669 1813 702 1874; x_wconf 81' lang='grc' dir='ltr'><strong><em>ἐκ</em></strong></span> <span class='ocrx_word' id='word_1_144' title='bbox 728 1822 781 1874; x_wconf 81' lang='grc' dir='ltr'><strong><em>τοῦ</em></strong></span> <span class='ocrx_word' id='word_1_145' title='bbox 808 1813 882 1874; x_wconf 78' lang='grc' dir='ltr'><strong><em>κατὰ</em></strong></span> <span class='ocrx_word' id='word_1_146' title='bbox 913 1823 971 1874; x_wconf 84' lang='grc' dir='ltr'><strong><em>τῶν</em></strong></span> <span class='ocrx_word' id='word_1_147' title='bbox 998 1807 1204 1892; x_wconf 74' lang='grc' dir='ltr'><strong><em>Ἀμαληκιτῶν</em></strong></span> <span class='ocrx_word' id='word_1_148' title='bbox 1304 1883 1305 1886; x_wconf 10' lang='lat'>¹</span> 
     </span>
     <span class='ocr_line' id='line_1_18' title="bbox 97 1909 1204 1993; baseline 0 -19"><span class='ocrx_word' id='word_1_149' title='bbox 97 1913 100 1920; x_wconf 77' lang='grc'><strong>’</strong></span> <span class='ocrx_word' id='word_1_150' title='bbox 189 1911 326 1992; x_wconf 80' lang='grc' dir='ltr'><strong><em>πολέμου.</em></strong></span> <span class='ocrx_word' id='word_1_151' title='bbox 372 1909 447 1990; x_wconf 82' lang='grc' dir='ltr'><strong><em>φησί</em></strong></span> <span class='ocrx_word' id='word_1_152' title='bbox 473 1910 540 1993; x_wconf 88' lang='grc' dir='ltr'><strong><em>γάρ·</em></strong></span> <span class='ocrx_word' id='word_1_153' title='bbox 568 1910 619 1972; x_wconf 84' lang='grc' dir='ltr'><strong><em>καλ</em></strong></span> <span class='ocrx_word' id='word_1_154' title='bbox 644 1910 774 1992; x_wconf 79' lang='grc' dir='ltr'><strong><em>ὥρθρισε</em></strong></span> <span class='ocrx_word' id='word_1_155' title='bbox 797 1910 895 1973; x_wconf 83' lang='grc' dir='ltr'><strong><em>Δαυίδ</em></strong></span> <span class='ocrx_word' id='word_1_156' title='bbox 921 1919 974 1973; x_wconf 76' lang='grc' dir='ltr'><strong><em>τοῦ</em></strong></span> <span class='ocrx_word' id='word_1_157' title='bbox 1003 1909 1146 1972; x_wconf 83' lang='grc' dir='ltr'><strong><em>ἀπελθεῖν</em></strong></span> <span class='ocrx_word' id='word_1_158' title='bbox 1170 1912 1204 1974; x_wconf 84' lang='grc' dir='ltr'><strong><em>τὸ</em></strong></span> 
     </span>
     <span class='ocr_line' id='line_1_19' title="bbox 190 2007 1205 2092; baseline 0 -20"><span class='ocrx_word' id='word_1_159' title='bbox 190 2011 271 2092; x_wconf 81' lang='grc' dir='ltr'><strong><em>πρωῒ</em></strong></span> <span class='ocrx_word' id='word_1_160' title='bbox 289 2009 339 2072; x_wconf 84' lang='grc' dir='ltr'><strong><em>καί</em></strong></span> <span class='ocrx_word' id='word_1_161' title='bbox 362 2008 523 2087; x_wconf 86' lang='grc' dir='ltr'><strong><em>φυλάσσειν</em></strong></span> <span class='ocrx_word' id='word_1_162' title='bbox 545 2008 601 2089; x_wconf 82' lang='grc' dir='ltr'><strong><em>τήν</em></strong></span> <span class='ocrx_word' id='word_1_163' title='bbox 622 2018 680 2090; x_wconf 85' lang='grc' dir='ltr'><strong><em>γήν</em></strong></span> <span class='ocrx_word' id='word_1_164' title='bbox 703 2018 762 2069; x_wconf 80' lang='grc' dir='ltr'><strong><em>τῶν</em></strong></span> <span class='ocrx_word' id='word_1_165' title='bbox 782 2007 968 2089; x_wconf 85' lang='grc' dir='ltr'><strong><em>ἀλλοφύλων,</em></strong></span> <span class='ocrx_word' id='word_1_166' title='bbox 990 2007 1040 2070; x_wconf 84' lang='grc' dir='ltr'><strong><em>καλ</em></strong></span> <span class='ocrx_word' id='word_1_167' title='bbox 1063 2009 1096 2070; x_wconf 85' lang='grc' dir='ltr'><strong><em>οί</em></strong></span> <span class='ocrx_word' id='word_1_168' title='bbox 1115 2007 1205 2072; x_wconf 89' lang='grc' dir='ltr'><strong><em>ἀλλό-</em></strong></span> 
     </span>
     <span class='ocr_line' id='line_1_20' title="bbox 190 2101 1205 2188; baseline -0.003 -18"><span class='ocrx_word' id='word_1_169' title='bbox 190 2114 281 2187; x_wconf 90' lang='grc' dir='ltr'><strong><em>φυλοι</em></strong></span> <span class='ocrx_word' id='word_1_170' title='bbox 312 2105 461 2188; x_wconf 77' lang='grc' dir='ltr'><strong><em>ἀνέβησαν</em></strong></span> <span class='ocrx_word' id='word_1_171' title='bbox 492 2106 541 2170; x_wconf 79' lang='grc' dir='ltr'><strong><em>ἐπὶ</em></strong></span> <span class='ocrx_word' id='word_1_172' title='bbox 564 2101 681 2188; x_wconf 83' lang='grc' dir='ltr'><strong><em>Ἰσραήλ</em></strong></span> <span class='ocrx_word' id='word_1_173' title='bbox 712 2111 856 2186; x_wconf 85' lang='grc' dir='ltr'><strong><em>πολεμεῖν.</em></strong></span> <span class='ocrx_word' id='word_1_174' title='bbox 901 2105 951 2168; x_wconf 85' lang='grc' dir='ltr'><strong><em>καί</em></strong></span> <span class='ocrx_word' id='word_1_175' title='bbox 980 2105 1121 2180; x_wconf 76' lang='grc' dir='ltr'><strong><em>ἐλθόντος</em></strong></span> <span class='ocrx_word' id='word_1_176' title='bbox 1148 2115 1205 2168; x_wconf 81' lang='grc' dir='ltr'><strong><em>τοῦ</em></strong></span> 
     </span>
     <span class='ocr_line' id='line_1_21' title="bbox 149 2201 1205 2289; baseline -0.003 -20"><span class='ocrx_word' id='word_1_177' title='bbox 149 2227 177 2270; x_wconf 80' lang='grc' dir='ltr'><strong><em>εο</em></strong></span> <span class='ocrx_word' id='word_1_178' title='bbox 190 2205 288 2268; x_wconf 85' lang='grc' dir='ltr'><strong><em>Δαυλδ</em></strong></span> <span class='ocrx_word' id='word_1_179' title='bbox 301 2207 343 2280; x_wconf 88' lang='grc' dir='ltr'><strong><em>είς</em></strong></span> <span class='ocrx_word' id='word_1_180' title='bbox 356 2204 412 2285; x_wconf 84' lang='grc' dir='ltr'><strong><em>τήν</em></strong></span> <span class='ocrx_word' id='word_1_181' title='bbox 427 2215 485 2287; x_wconf 77' lang='grc' dir='ltr'><strong><em>γῆν</em></strong></span> <span class='ocrx_word' id='word_1_182' title='bbox 502 2205 619 2283; x_wconf 80' lang='grc' dir='ltr'><strong><em>ἐκείνην</em></strong></span> <span class='ocrx_word' id='word_1_183' title='bbox 631 2213 667 2289; x_wconf 74' lang='grc' dir='ltr'><strong><em>τῇ</em></strong></span> <span class='ocrx_word' id='word_1_184' title='bbox 687 2206 768 2288; x_wconf 80' lang='grc' dir='ltr'><strong><em>τρίτη</em></strong></span> <span class='ocrx_word' id='word_1_185' title='bbox 787 2201 881 2288; x_wconf 79' lang='grc' dir='ltr'><strong><em>ήμέρρι</em></strong></span> <span class='ocrx_word' id='word_1_186' title='bbox 899 2203 949 2265; x_wconf 81' lang='grc' dir='ltr'><strong><em>καλ</em></strong></span> <span class='ocrx_word' id='word_1_187' title='bbox 966 2204 1205 2278; x_wconf 83' lang='grc' dir='ltr'><strong><em>καταδιώξαντος</em></strong></span> 
     </span>
    </p>
   </div>
   <div class='ocr_carea' id='block_1_9' title="bbox 191 2383 1206 2598">
    <p class='ocr_par' dir='ltr' id='par_1_9' title="bbox 191 2383 1206 2598">
     <span class='ocr_line' id='line_1_22' title="bbox 262 2383 1206 2509; baseline -0.002 -69"><span class='ocrx_word' id='word_1_188' title='bbox 262 2391 341 2509; x_wconf 57' lang='grc' dir='ltr'><strong><em>θεςρ.</em></strong></span> <span class='ocrx_word' id='word_1_189' title='bbox 365 2385 453 2441; x_wconf 83' lang='lat' dir='ltr'><strong><em>Verba</em></strong></span> <span class='ocrx_word' id='word_1_190' title='bbox 471 2385 588 2440; x_wconf 71' lang='grc' dir='ltr'><strong><em>Εκοεόόι·</em></strong></span> <span class='ocrx_word' id='word_1_191' title='bbox 609 2391 673 2468; x_wconf 63' lang='grc' dir='ltr'><strong><em>λιστα</em></strong></span> <span class='ocrx_word' id='word_1_192' title='bbox 695 2384 752 2440; x_wconf 81' lang='lat' dir='ltr'><strong><em>cod.</em></strong></span> <span class='ocrx_word' id='word_1_193' title='bbox 771 2383 801 2438; x_wconf 95' lang='lat' dir='ltr'><strong><em>P.</em></strong></span> <span class='ocrx_word' id='word_1_194' title='bbox 834 2385 940 2467; x_wconf 70' lang='grc' dir='ltr'><strong><em>Εοοκικ</em></strong></span> <span class='ocrx_word' id='word_1_195' title='bbox 961 2400 1019 2440; x_wconf 84' lang='grc' dir='ltr'><strong><em>κον</em></strong></span> <span class='ocrx_word' id='word_1_196' title='bbox 1040 2385 1142 2439; x_wconf 72' lang='lat' dir='ltr'><strong><em>inveni.</em></strong></span> <span class='ocrx_word' id='word_1_197' title='bbox 1167 2417 1206 2425; x_wconf 99' lang='lat'><strong>—</strong></span> 
     </span>
     <span class='ocr_line' id='line_1_23' title="bbox 191 2454 1204 2598; baseline -0.002 -17"><span class='ocrx_word' id='word_1_198' title='bbox 191 2462 318 2581; x_wconf 50' lang='lat'><strong><em>{33³1</em></strong></span> <span class='ocrx_word' id='word_1_199' title='bbox 333 2455 938 2598; x_wconf 53' lang='grc' dir='ltr'><strong><em>θῗζλιὲἶλθῗθθθλιξλλλθθ</em></strong></span> <span class='ocrx_word' id='word_1_200' title='bbox 955 2454 1033 2510; x_wconf 56' lang='lat' dir='ltr'><strong><em>Tm·</em></strong></span> <span class='ocrx_word' id='word_1_201' title='bbox 1050 2461 1091 2522; x_wconf 77' lang='lat'><strong><em>¹⁸’</em></strong></span> <span class='ocrx_word' id='word_1_202' title='bbox 1107 2455 1204 2509; x_wconf 60' lang='lat'><strong>⁶²²3·</strong></span> 
     </span>
    </p>
   </div>
   <div class='ocr_carea' id='block_1_10' title="bbox 191 2675 1206 3036">
    <p class='ocr_par' dir='ltr' id='par_1_10' title="bbox 191 2675 1206 3036">
     <span class='ocr_line' id='line_1_24' title="bbox 261 2675 1206 2748; baseline -0.002 -16"><span class='ocrx_word' id='word_1_203' title='bbox 261 2684 277 2731; x_wconf 78' lang='lat'><strong>2</strong></span> <span class='ocrx_word' id='word_1_204' title='bbox 292 2678 389 2741; x_wconf 79' lang='grc' dir='ltr'><strong><em>αὐτοῖς</em></strong></span> <span class='ocrx_word' id='word_1_205' title='bbox 402 2677 455 2731; x_wconf 85' lang='grc' dir='ltr'><strong><em>ΑΒ</em></strong></span> <span class='ocrx_word' id='word_1_206' title='bbox 470 2677 557 2733; x_wconf 83' lang='grc' dir='ltr'><strong><em>αὑτδν</em></strong></span> <span class='ocrx_word' id='word_1_207' title='bbox 572 2676 680 2732; x_wconf 64' lang='grc'>(111-</span> <span class='ocrx_word' id='word_1_208' title='bbox 695 2682 712 2731; x_wconf 78' lang='lat'><strong>5</strong></span> <span class='ocrx_word' id='word_1_209' title='bbox 726 2675 886 2748; x_wconf 87' lang='grc' dir='ltr'><strong><em>ὑψηλότερα</em></strong></span> <span class='ocrx_word' id='word_1_210' title='bbox 899 2676 949 2730; x_wconf 80' lang='lat' dir='ltr'><strong><em>AR</em></strong></span> <span class='ocrx_word' id='word_1_211' title='bbox 958 2675 1023 2731; x_wconf 82' lang='lat' dir='ltr'>Isid.</span> <span class='ocrx_word' id='word_1_212' title='bbox 1039 2708 1073 2717; x_wconf 94' lang='lat'>—</span> <span class='ocrx_word' id='word_1_213' title='bbox 1088 2681 1104 2730; x_wconf 81' lang='lat'><strong>8</strong></span> <span class='ocrx_word' id='word_1_214' title='bbox 1118 2677 1206 2732; x_wconf 87' lang='grc' dir='ltr'><strong><em>ἀδια-</em></strong></span> 
     </span>
     <span class='ocr_line' id='line_1_25' title="bbox 192 2746 1205 2839; baseline -0.003 -36"><span class='ocrx_word' id='word_1_215' title='bbox 192 2746 286 2817; x_wconf 87' lang='grc' dir='ltr'><strong><em>φόρως</em></strong></span> <span class='ocrx_word' id='word_1_216' title='bbox 303 2749 457 2839; x_wconf 74' lang='grc' dir='ltr'><strong><em>ἀναγαγεῖν</em></strong></span> <span class='ocrx_word' id='word_1_217' title='bbox 476 2747 611 2818; x_wconf 84' lang='grc' dir='ltr'><strong><em>ὀνομάσαι</em></strong></span> <span class='ocrx_word' id='word_1_218' title='bbox 629 2748 709 2803; x_wconf 80' lang='grc' dir='ltr'><strong><em>οοᾰδ.</em></strong></span> <span class='ocrx_word' id='word_1_219' title='bbox 721 2755 831 2818; x_wconf 75' lang='lat' dir='ltr'><strong><em>praeter</em></strong></span> <span class='ocrx_word' id='word_1_220' title='bbox 848 2747 909 2803; x_wconf 90' lang='lat' dir='ltr'><strong><em>NP.</em></strong></span> <span class='ocrx_word' id='word_1_221' title='bbox 927 2778 961 2789; x_wconf 89' lang='lat'><em>-</em></span> <span class='ocrx_word' id='word_1_222' title='bbox 980 2747 1098 2814; x_wconf 82' lang='grc' dir='ltr'><strong><em>εόδηλον</em></strong></span> <span class='ocrx_word' id='word_1_223' title='bbox 1116 2747 1152 2801; x_wconf 86' lang='lat' dir='ltr'><strong><em>N.</em></strong></span> <span class='ocrx_word' id='word_1_224' title='bbox 1168 2780 1205 2789; x_wconf 90' lang='lat'>—</span> 
     </span>
     <span class='ocr_line' id='line_1_26' title="bbox 192 2816 1206 2891; baseline -0.001 -17"><span class='ocrx_word' id='word_1_225' title='bbox 192 2825 208 2873; x_wconf 88' lang='grc'>9</span> <span class='ocrx_word' id='word_1_226' title='bbox 227 2820 253 2875; x_wconf 88' lang='grc' dir='ltr'><strong><em>εί</em></strong></span> <span class='ocrx_word' id='word_1_227' title='bbox 270 2819 320 2889; x_wconf 70' lang='grc' dir='ltr'><strong><em>μὲν</em></strong></span> <span class='ocrx_word' id='word_1_228' title='bbox 338 2840 391 2890; x_wconf 84' lang='grc' dir='ltr'><strong><em>γαρ</em></strong></span> <span class='ocrx_word' id='word_1_229' title='bbox 409 2820 449 2876; x_wconf 73' lang='grc' dir='ltr'><strong><em>ἔτι</em></strong></span> <span class='ocrx_word' id='word_1_230' title='bbox 462 2820 510 2873; x_wconf 84' lang='grc' dir='ltr'><strong><em>ΑΒ</em></strong></span> <span class='ocrx_word' id='word_1_231' title='bbox 529 2820 555 2875; x_wconf 88' lang='grc' dir='ltr'><strong><em>εί</em></strong></span> <span class='ocrx_word' id='word_1_232' title='bbox 572 2820 622 2889; x_wconf 76' lang='grc' dir='ltr'><strong><em>μὲν</em></strong></span> <span class='ocrx_word' id='word_1_233' title='bbox 641 2821 698 2875; x_wconf 82' lang='grc' dir='ltr'><strong><em>ἐστι</em></strong></span> <span class='ocrx_word' id='word_1_234' title='bbox 716 2819 769 2891; x_wconf 81' lang='grc' dir='ltr'><strong><em>γὰρ</em></strong></span> <span class='ocrx_word' id='word_1_235' title='bbox 784 2818 815 2873; x_wconf 77' lang='lat' dir='ltr'><strong><em>G.</em></strong></span> <span class='ocrx_word' id='word_1_236' title='bbox 831 2851 865 2860; x_wconf 88' lang='lat'>—</span> <span class='ocrx_word' id='word_1_237' title='bbox 883 2817 1018 2888; x_wconf 84' lang='grc' dir='ltr'><strong><em>περιόντα</em></strong></span> <span class='ocrx_word' id='word_1_238' title='bbox 1032 2816 1106 2872; x_wconf 76' lang='lat' dir='ltr'><strong><em>OFV</em></strong></span> <span class='ocrx_word' id='word_1_239' title='bbox 1123 2837 1206 2887; x_wconf 84' lang='grc' dir='ltr'><strong><em>περι-</em></strong></span> 
     </span>
     <span class='ocr_line' id='line_1_27' title="bbox 192 2887 1203 2962; baseline 0.001 -17"><span class='ocrx_word' id='word_1_240' title='bbox 192 2889 252 2946; x_wconf 90' lang='grc' dir='ltr'><strong><em>όντι</em></strong></span> <span class='ocrx_word' id='word_1_241' title='bbox 271 2891 304 2945; x_wconf 78' lang='lat' dir='ltr'><strong><em>R.</em></strong></span> <span class='ocrx_word' id='word_1_242' title='bbox 324 2923 358 2932; x_wconf 91' lang='lat'>—</span> <span class='ocrx_word' id='word_1_243' title='bbox 378 2897 410 2946; x_wconf 91' lang='lat'><strong><em>11</em></strong></span> <span class='ocrx_word' id='word_1_244' title='bbox 430 2889 525 2946; x_wconf 86' lang='grc' dir='ltr'><strong><em>είδόαν</em></strong></span> <span class='ocrx_word' id='word_1_245' title='bbox 545 2890 629 2946; x_wconf 82' lang='lat' dir='ltr'>ODP.</span> <span class='ocrx_word' id='word_1_246' title='bbox 650 2923 685 2932; x_wconf 90' lang='lat'>—</span> <span class='ocrx_word' id='word_1_247' title='bbox 704 2897 737 2944; x_wconf 88' lang='grc'><strong><em>13</em></strong></span> <span class='ocrx_word' id='word_1_248' title='bbox 756 2891 804 2962; x_wconf 84' lang='grc' dir='ltr'><strong><em>ὡς]</em></strong></span> <span class='ocrx_word' id='word_1_249' title='bbox 824 2887 855 2953; x_wconf 84' lang='grc' dir='ltr'><strong><em>ὃς</em></strong></span> <span class='ocrx_word' id='word_1_250' title='bbox 872 2890 934 2944; x_wconf 89' lang='lat' dir='ltr'><strong><em>BR.</em></strong></span> <span class='ocrx_word' id='word_1_251' title='bbox 953 2922 989 2931; x_wconf 91' lang='lat'>-</span> <span class='ocrx_word' id='word_1_252' title='bbox 1008 2895 1041 2945; x_wconf 86' lang='grc'><strong><em>16</em></strong></span> <span class='ocrx_word' id='word_1_253' title='bbox 1059 2889 1132 2944; x_wconf 87' lang='grc' dir='ltr'><strong><em>κατδι</em></strong></span> <span class='ocrx_word' id='word_1_254' title='bbox 1151 2907 1203 2946; x_wconf 85' lang='lat' dir='ltr'><strong><em>om.</em></strong></span> 
     </span>
     <span class='ocr_line' id='line_1_28' title="bbox 191 2959 1206 3036; baseline -0.001 -19"><span class='ocrx_word' id='word_1_255' title='bbox 191 2963 246 3017; x_wconf 70' lang='grc' dir='ltr'><strong><em>ΕΒ,</em></strong></span> <span class='ocrx_word' id='word_1_256' title='bbox 271 2995 305 3004; x_wconf 91' lang='grc'>-</span> <span class='ocrx_word' id='word_1_257' title='bbox 329 2968 362 3017; x_wconf 77' lang='grc'><strong><em>17</em></strong></span> <span class='ocrx_word' id='word_1_258' title='bbox 386 2961 501 3031; x_wconf 75' lang='grc' dir='ltr'><strong><em>όρθρισε</em></strong></span> <span class='ocrx_word' id='word_1_259' title='bbox 523 2961 673 3017; x_wconf 83' lang='lat' dir='ltr'><strong>AGHMR.</strong></span> <span class='ocrx_word' id='word_1_260' title='bbox 697 2995 731 3004; x_wconf 90' lang='lat'><em>-</em></span> <span class='ocrx_word' id='word_1_261' title='bbox 756 2967 794 3036; x_wconf 72' lang='grc' dir='ltr'><strong><em>τῷ</em></strong></span> <span class='ocrx_word' id='word_1_262' title='bbox 813 2959 889 3030; x_wconf 84' lang='grc' dir='ltr'><strong><em>πρωί</em></strong></span> <span class='ocrx_word' id='word_1_263' title='bbox 908 2960 1015 3016; x_wconf 80' lang='lat' dir='ltr'><strong>AOFR.</strong></span> <span class='ocrx_word' id='word_1_264' title='bbox 1040 2991 1073 3000; x_wconf 90' lang='lat'>—</span> <span class='ocrx_word' id='word_1_265' title='bbox 1099 2966 1131 3015; x_wconf 86' lang='grc'><strong><em>19</em></strong></span> <span class='ocrx_word' id='word_1_266' title='bbox 1157 2962 1206 3016; x_wconf 76' lang='grc' dir='ltr'><strong><em>ἐπὶ</em></strong></span> 
     </span>
    </p>
   </div>
   <div class='ocr_carea' id='block_1_11' title="bbox 191 3033 410 3104">
    <p class='ocr_par' dir='ltr' id='par_1_11' title="bbox 191 3033 410 3104">
     <span class='ocr_line' id='line_1_29' title="bbox 191 3033 410 3104; baseline -0.009 -15"><span class='ocrx_word' id='word_1_267' title='bbox 191 3033 359 3104; x_wconf 83' lang='grc' dir='ltr'><strong><em>λερουσαλὴμ</em></strong></span> <span class='ocrx_word' id='word_1_268' title='bbox 375 3033 410 3087; x_wconf 87' lang='lat' dir='ltr'><strong><em>N.</em></strong></span> 
     </span>
    </p>
   </div>
   <div class='ocr_carea' id='block_1_12' title="bbox 191 3181 1206 3400">
    <p class='ocr_par' dir='ltr' id='par_1_12' title="bbox 191 3181 1206 3400">
     <span class='ocr_line' id='line_1_30' title="bbox 263 3181 1206 3256; baseline -0.001 -17"><span class='ocrx_word' id='word_1_269' title='bbox 263 3191 277 3239; x_wconf 91' lang='lat'>1</span> <span class='ocrx_word' id='word_1_270' title='bbox 298 3184 397 3256; x_wconf 86' lang='grc' dir='ltr'><strong><em>γολιδιδ</em></strong></span> <span class='ocrx_word' id='word_1_271' title='bbox 413 3185 443 3239; x_wconf 92' lang='lat' dir='ltr'><strong><em>P.</em></strong></span> <span class='ocrx_word' id='word_1_272' title='bbox 468 3217 503 3226; x_wconf 93' lang='lat'>—</span> <span class='ocrx_word' id='word_1_273' title='bbox 526 3187 628 3240; x_wconf 74' lang='grc' dir='ltr'><strong><em>όΡοκί</em></strong></span> <span class='ocrx_word' id='word_1_274' title='bbox 649 3181 823 3253; x_wconf 78' lang='grc' dir='ltr'><strong><em>ὑψηλότερον</em></strong></span> <span class='ocrx_word' id='word_1_275' title='bbox 841 3182 863 3236; x_wconf 90' lang='grc' dir='ltr'>Ρ</span> <span class='ocrx_word' id='word_1_276' title='bbox 881 3184 913 3236; x_wconf 68' lang='grc' dir='ltr'><strong><em>ἐκ</em></strong></span> <span class='ocrx_word' id='word_1_277' title='bbox 931 3200 982 3254; x_wconf 77' lang='grc' dir='ltr'><strong><em>περ.</em></strong></span> <span class='ocrx_word' id='word_1_278' title='bbox 1003 3183 1082 3238; x_wconf 62' lang='grc' dir='ltr'><strong><em>(τάδε</em></strong></span> <span class='ocrx_word' id='word_1_279' title='bbox 1105 3185 1206 3238; x_wconf 75' lang='grc' dir='ltr'><strong><em>πολλοὶ</em></strong></span> 
     </span>
     <span class='ocr_line' id='line_1_31' title="bbox 191 3251 1205 3344; baseline -0.003 -33"><span class='ocrx_word' id='word_1_280' title='bbox 191 3253 342 3326; x_wconf 82' lang='grc' dir='ltr'><strong><em>τοιγαροόν</em></strong></span> <span class='ocrx_word' id='word_1_281' title='bbox 359 3255 491 3319; x_wconf 84' lang='grc' dir='ltr'><strong><em>πολλάκις</em></strong></span> <span class='ocrx_word' id='word_1_282' title='bbox 509 3253 648 3344; x_wconf 69' lang='grc' dir='ltr'><strong><em>ὑπανοίας</em></strong></span> <span class='ocrx_word' id='word_1_283' title='bbox 667 3257 714 3308; x_wconf 89' lang='grc' dir='ltr'><strong><em>καλ</em></strong></span> <span class='ocrx_word' id='word_1_284' title='bbox 733 3251 888 3326; x_wconf 80' lang='grc' dir='ltr'><strong><em>μαλαυγίας</em></strong></span> <span class='ocrx_word' id='word_1_285' title='bbox 906 3255 964 3323; x_wconf 74' lang='lat' dir='ltr'><em>(sic)</em></span> <span class='ocrx_word' id='word_1_286' title='bbox 984 3253 1134 3323; x_wconf 85' lang='grc' dir='ltr'><strong><em>φερόμενοι</em></strong></span> <span class='ocrx_word' id='word_1_287' title='bbox 1154 3256 1205 3344; x_wconf 67' lang='grc' dir='ltr'><strong><em>καλ</em></strong></span> 
     </span>
     <span class='ocr_line' id='line_1_32' title="bbox 193 3321 1190 3400; baseline -0.001 -18"><span class='ocrx_word' id='word_1_288' title='bbox 193 3327 246 3382; x_wconf 76' lang='grc' dir='ltr'><strong><em>εἴτε</em></strong></span> <span class='ocrx_word' id='word_1_289' title='bbox 265 3328 421 3400; x_wconf 75' lang='grc' dir='ltr'><strong><em>ἐπιπλοότῳ</em></strong></span> <span class='ocrx_word' id='word_1_290' title='bbox 444 3328 493 3382; x_wconf 86' lang='grc' dir='ltr'><strong><em>καλ</em></strong></span> <span class='ocrx_word' id='word_1_291' title='bbox 515 3329 667 3399; x_wconf 81' lang='grc' dir='ltr'><strong><em>δυναστειᾳ</em></strong></span> <span class='ocrx_word' id='word_1_292' title='bbox 689 3325 743 3380; x_wconf 85' lang='grc' dir='ltr'><strong><em>είτε</em></strong></span> <span class='ocrx_word' id='word_1_293' title='bbox 768 3326 814 3380; x_wconf 77' lang='grc' dir='ltr'><strong><em>ἐπὶ</em></strong></span> <span class='ocrx_word' id='word_1_294' title='bbox 832 3321 909 3397; x_wconf 76' lang='grc' dir='ltr'><strong><em>όώμγ</em></strong></span> <span class='ocrx_word' id='word_1_295' title='bbox 933 3326 1058 3394; x_wconf 83' lang='grc' dir='ltr'><strong><em>σώματος</em></strong></span> <span class='ocrx_word' id='word_1_296' title='bbox 1080 3323 1134 3379; x_wconf 85' lang='grc' dir='ltr'><strong><em>είτε</em></strong></span> <span class='ocrx_word' id='word_1_297' title='bbox 1155 3325 1190 3381; x_wconf 73' lang='grc' dir='ltr'><strong><em>ἐπ</em></strong></span> 
     </span>
    </p>
   </div>
   <div class='ocr_carea' id='block_1_13' title="bbox 191 3399 1206 3628">
    <p class='ocr_par' dir='ltr' id='par_1_13' title="bbox 191 3399 1206 3628">
     <span class='ocr_line' id='line_1_33' title="bbox 192 3399 1205 3506; baseline 0.001 -21"><span class='ocrx_word' id='word_1_298' title='bbox 192 3431 260 3504; x_wconf 80' lang='grc' dir='ltr'><strong><em>άλλη</em></strong></span> <span class='ocrx_word' id='word_1_299' title='bbox 278 3433 335 3487; x_wconf 85' lang='grc' dir='ltr'><strong><em>τινλ</em></strong></span> <span class='ocrx_word' id='word_1_300' title='bbox 353 3428 474 3506; x_wconf 74' lang='grc' dir='ltr'><strong><em>βοηθείᾳ</em></strong></span> <span class='ocrx_word' id='word_1_301' title='bbox 496 3433 544 3486; x_wconf 86' lang='grc' dir='ltr'><strong><em>καλ</em></strong></span> <span class='ocrx_word' id='word_1_302' title='bbox 568 3399 598 3487; x_wconf 73' lang='grc' dir='ltr'><strong><em>ὲὺ</em></strong></span> <span class='ocrx_word' id='word_1_303' title='bbox 617 3432 788 3500; x_wconf 69' lang='grc' dir='ltr'><strong><em>(ἐντευθενί)</em></strong></span> <span class='ocrx_word' id='word_1_304' title='bbox 808 3430 847 3493; x_wconf 86' lang='grc' dir='ltr'><strong><em>είς</em></strong></span> <span class='ocrx_word' id='word_1_305' title='bbox 864 3430 896 3485; x_wconf 83' lang='grc' dir='ltr'><strong><em>τό</em></strong></span> <span class='ocrx_word' id='word_1_306' title='bbox 916 3428 1022 3502; x_wconf 80' lang='grc' dir='ltr'><strong><em>βιβλίον</em></strong></span> <span class='ocrx_word' id='word_1_307' title='bbox 1039 3430 1071 3485; x_wconf 83' lang='grc' dir='ltr'><strong><em>τό</em></strong></span> <span class='ocrx_word' id='word_1_308' title='bbox 1089 3450 1205 3499; x_wconf 84' lang='grc' dir='ltr'><strong><em>πατερι-</em></strong></span> 
     </span>
     <span class='ocr_line' id='line_1_34' title="bbox 191 3498 1206 3628; baseline 0.001 -72"><span class='ocrx_word' id='word_1_309' title='bbox 191 3500 497 3628; x_wconf 45' lang='grc' dir='ltr'><strong><em>ρέρ.1ζσοζνήηρμρίσαι</em></strong></span> <span class='ocrx_word' id='word_1_310' title='bbox 516 3503 602 3572; x_wconf 86' lang='grc' dir='ltr'><strong><em>φησλν</em></strong></span> <span class='ocrx_word' id='word_1_311' title='bbox 620 3501 745 3573; x_wconf 81' lang='grc' dir='ltr'><strong><em>εόσέβιος</em></strong></span> <span class='ocrx_word' id='word_1_312' title='bbox 762 3501 791 3554; x_wconf 90' lang='grc' dir='ltr'><strong><em>Ρ.</em></strong></span> <span class='ocrx_word' id='word_1_313' title='bbox 812 3533 845 3542; x_wconf 87' lang='lat'><em>-</em></span> <span class='ocrx_word' id='word_1_314' title='bbox 868 3507 901 3555; x_wconf 78' lang='lat'><strong><em>15</em></strong></span> <span class='ocrx_word' id='word_1_315' title='bbox 921 3502 969 3555; x_wconf 86' lang='grc' dir='ltr'><strong><em>καλ</em></strong></span> <span class='ocrx_word' id='word_1_316' title='bbox 987 3498 1045 3556; x_wconf 87' lang='grc' dir='ltr'><strong><em>υίοί</em></strong></span> <span class='ocrx_word' id='word_1_317' title='bbox 1064 3518 1115 3556; x_wconf 90' lang='grc' dir='ltr'><strong><em>σου</em></strong></span> <span class='ocrx_word' id='word_1_318' title='bbox 1133 3503 1206 3572; x_wconf 86' lang='grc' dir='ltr'><strong><em>μετά</em></strong></span> 
     </span>
    </p>
   </div>
   <div class='ocr_carea' id='block_1_14' title="bbox 0 0 1319 3909">
    <p class='ocr_par' dir='ltr' id='par_1_14' title="bbox 0 0 1319 3909">
     <span class='ocr_line' id='line_1_35' title="bbox 0 0 1319 3909; baseline 0 0"><span class='ocrx_word' id='word_1_319' title='bbox 0 0 1319 3909; x_wconf 95' lang='lat' dir='ltr'><strong><em> </em></strong></span> 
     </span>
    </p>
   </div>
  </div>
 </body>
</html>
