2617 3909
527 200 730 252 PRAEFATIO
1063 202 1139 251 LXV

114 348 243 408 concilio
266 349 430 407 1111111111
450 348 536 407 haec:
567 342 616 425 ἐφ’
638 339 675 408 οὗ
700 340 959 430 (Κωνσταντίνον)
977 345 1098 429 γέγονεν
1117 345 1137 427 ἡ

115 434 186 515 ἕκτη
210 436 339 508 σύνοδος
364 444 423 496 τῶν
445 430 490 516 ρο’
513 434 648 517 πατέρων
671 435 704 497 ἐν
727 435 1041 497 Κωνσταντινονπόλει
1063 437 1138 497 κατὰ

115 525 246 607 Σεργίου
268 524 612 598 Κανσταντινουπόλεως
639 523 690 585 καὶ
713 525 821 606 Πύρου
850 524 901 585 κα1
923 534 982 586 τῶν
1006 523 1138 606 ὁμοφρά-

114 637 178 675 ναν
198 612 299 675 αὐτῶν
313 617 552 695 Μονοθελητῶν,
576 612 630 686 οὓς
648 612 699 674 καὶ
717 613 988 692 ἀναθεματίσαντες
1010 614 1043 675 οἱ
1057 620 1138 676 θεῖοι

113 701 238 784 πατέρες
266 701 316 763 καὶ
347 702 581 783 ἐπικυρώσαντες
610 700 749 785 λέγεσθαι
781 703 836 764 δύο
869 703 975 780 φύσεις
1006 702 1055 765 ἐπὶ
1084 712 1138 765 τοῦ

113 793 223 874 κυρίου
247 788 333 871 ἡμῶν
348 787 447 871 Ἰησοῦ
466 796 598 872 Χριστοῦ
620 790 672 853 κα1
696 792 751 853 δύο
775 791 889 869 φυσικὰ
910 792 1065 872 θελήματα
1087 791 1138 853 κα1

113 879 167 954 τὰς
190 880 337 962 ἐνεργείας
362 879 462 942 αὐτῶν
485 879 677 960 ἐξεφώνησαν
699 880 813 943 κανόνα
835 904 861 941 κ.
885 904 909 942 τ.
933 886 958 942 l.
1003 881 1138 943 Comme·

113 974 254 1031 moretur
289 971 382 1050 igitur
413 971 545 1031 breviter
577 973 772 1032 conciliorum
807 991 949 1033 numerus
984 972 1137 1048 ordinabo,

113 1080 257 1121 numerus
281 1062 498 1137 episcoporum,
528 1060 610 1120 urbis
633 1060 666 1119 in
689 1080 750 1138 qua
773 1060 932 1120 concilium
955 1061 1137 1121 celebratum

113 1152 161 1209 est
179 1168 297 1225 nomen,
318 1151 538 1209 baereticorum
560 1150 771 1209 damnatorum
792 1151 923 1209 nomina.
969 1148 1006 1208 In
1029 1152 1136 1211 ceteris

112 1240 210 1315 libris,
233 1241 266 1297 in
289 1239 396 1315 quibus
415 1238 576 1315 septimum
599 1258 718 1315 quoque
737 1239 896 1299 concilium
913 1241 1062 1315 narratur,
1085 1239 1137 1298 ud-

112 1328 228 1387 duntur
241 1330 365 1387 nomina
382 1328 623 1404 patriarcharum
641 1330 690 1388 vel
706 1331 837 1405 patrum,
856 1328 909 1403 qui
930 1328 1053 1387 illorum
1070 1328 1136 1388 loco

113 1417 251 1493 aderent,
275 1436 371 1477 annus
395 1416 593 1493 imperatoris,
618 1437 677 1494 quo
696 1418 855 1477 concilium
877 1416 1059 1476 celebratum
1083 1420 1137 1492 est,

113 1508 147 1565 et
169 1506 323 1565 doctrinae
351 1506 510 1566 damnatae
538 1507 634 1566 fusius
662 1507 711 1566 vel
738 1506 916 1567 succinctius
940 1510 1136 1583 exponuntur.

111 1594 198 1655 Idem
212 1614 313 1655 rerum
330 1598 522 1655 narratorum
540 1596 621 1671 orde,
645 1616 680 1655 61
698 1590 785 1673 parte
804 1598 896 1656 etiam
914 1596 1017 1655 eadem
1036 1596 1136 1672 verbu,

111 1685 310 1744 inveniuntur
331 1686 364 1743 in
386 1684 497 1745 libellis
521 1684 557 1745 de
581 1687 695 1761 septem
717 1686 839 1761 synodis
857 1686 986 1761 scriptis,
1009 1705 1136 1760 quorum

112 1776 205 1833 multi
233 1776 352 1833 6111111
378 1774 449 1833 libri
478 1776 560 1833 varie
587 1776 668 1833 inter
694 1793 725 1834 se
758 1774 968 1849 discrepantes.
1013 1768 1062 1832 Ex
1089 1776 1136 1835 his

113 1882 193 1923 unus
207 1866 242 1922 in
254 1863 340 1923 Actis
350 1864 545 1923 conciliorum
554 1863 591 1923 ab
605 1863 763 1923 Harduino
773 1863 861 1923 editis
876 1864 960 1922 Tom.
969 1862 998 1919 V
1008 1884 1035 1939 p.
1049 1865 1134 1923 1485

112 1955 277 2030 impressus
300 1954 353 2013 est.
394 1953 500 2029 Neque
523 1970 593 2011 vero
616 1953 691 2011 haec
712 1956 777 2011 tam
800 1953 907 2030 exigua
931 1952 1137 2013 additamenta

112 2042 253 2101 omuibus
284 2042 371 2116 locis,
403 2044 439 2101 ut
468 2042 504 2101 ds
537 2042 671 2101 conciliis
702 2058 792 2117 quam
823 2040 996 2100 brevissime
1024 2043 1136 2118 ageret,

113 2131 226 2191 codicis
244 2131 273 2189 P
291 2130 432 2191 librarius
456 2150 491 2189 ex
513 2130 591 2189 libro
614 2132 738 2205 reliquis
758 2129 907 2189 codicibus
930 2129 1023 2188 simili
1041 2130 1135 2189 elimi-

113 2238 201 2280 nasse
224 2220 376 2296 putandus
401 2221 454 2294 est,
476 2221 654 2296 praesertim
677 2238 744 2279 cum
764 2221 908 2278 maiorem
930 2238 1031 2277 rerum
1052 2219 1136 2279 theo·

114 2310 281 2388 logicarum
299 2312 330 2369 et
344 2308 612 2369 ecclesiasticarum
626 2310 744 2385 copiam
757 2308 895 2367 exhibeat
908 2326 1000 2384 quam
1012 2307 1136 2385 reliqui;

112 2400 207 2457 immo
232 2400 266 2457 hi
288 2416 365 2473 quae
387 2400 420 2457 in
442 2399 499 2457 hoc
522 2417 628 2476 genere
651 2399 833 2473 paucissima
855 2399 1031 2457 invenerant
1054 2399 1087 2456 in
1109 2399 1139 2457 P

114 2491 220 2563 postea
248 2508 282 2547 61
308 2487 413 2546 libello
444 2487 480 2547 de
508 2487 630 2563 synodis
658 2488 703 2545 ita
732 2488 892 2561 suxerunt,
923 2488 959 2544 ut
984 2488 1136 2565 integrum

114 2577 177 2637 fere
204 2576 331 2654 singulis
357 2576 432 2637 locis
457 2578 631 2654 reciperent.
677 2575 714 2634 In
742 2595 802 2651 quo
829 2577 904 2635 mire
932 2576 969 2635 de
990 2577 1082 2636 tertio
1105 2579 1136 2637 61

114 2669 223 2743 quarto
243 2666 368 2725 concilio
387 2665 490 2725 eadem
508 2666 570 2725 fere
589 2669 620 2725 61
638 2684 675 2725 61
692 2666 721 2724 P
740 2667 771 2723 61
789 2684 825 2725 ex
838 2665 941 2724 libello
959 2663 996 2724 de
1014 2666 1135 2741 synodis

116 2756 389 2832 repraesentantur.
430 2754 540 2813 Itidem
562 2756 595 2813 in
619 2755 725 2831 quinto
748 2756 779 2812 61
800 2756 884 2814 sexto
907 2755 1034 2814 concilio
1053 2757 1134 2813 utro-

113 2864 173 2919 que
195 2844 280 2903 fonte
302 2862 373 2904 usus
392 2844 438 2903 est
459 2843 609 2919 librarius,
631 2843 692 2903 nisi
714 2843 795 2919 quod
817 2843 853 2902 de
871 2844 1029 2903 haereticis
1052 2844 1135 2903 dam·

114 2934 195 2993 notis
219 2934 318 2993 solum
340 2932 477 2993 libellum
499 2932 586 2991 illum
609 2935 728 2993 secutus
752 2935 806 2992 est.

181 3024 228 3081 Ex
260 3023 424 3099 posteriore
456 3022 583 3097 denique
616 3021 747 3081 chronici
776 3023 862 3098 parte
892 3041 986 3079 unum
1015 3022 1135 3079 tantum

113 3112 285 3187 exemplum
305 3130 425 3187 ponam,
449 3101 508 3187 quo
532 3110 743 3169 confirmentur
766 3129 842 3186 quae
865 3110 962 3171 adhuc
984 3109 1020 3167 de
1043 3109 1135 3169 libro·

114 3220 184 3277 rum
215 3200 433 3261 necessitudine
464 3201 594 3277 exposui.
644 3200 796 3259 Narratur
827 3202 929 3258 sutem
957 3197 1065 3259 Leonis
1087 3198 1136 3259 HI

113 3289 214 3348 Isauri
244 3290 405 3365 imperium
436 3284 642 3349 diversissime.
692 3289 794 3364 Atque
825 3289 859 3346 in
885 3286 1023 3347 omnihus
1050 3288 1134 3348 libris

115 3400 143 3455 p.
165 3380 239 3453 734,
260 3380 300 3437 18
312 3397 376 3455 sqq.
400 3380 540 3439 11111111
557 3377 690 3437 breviter
708 3398 742 3437 ex
761 3376 950 3453 Theophane,
975 3374 1135 3437 Saraceno-

112 3488 182 3527 rum
204 3469 371 3544 imperantc
390 3468 556 3528 Theodosio
578 3467 626 3525 HI
649 3467 688 3526 ad
706 3465 936 3544 expugnandum
954 3464 1135 3542 Byzantium

114 3558 317 3633 profectorum
335 3558 440 3617 ducem
452 3556 630 3616 Maselmem
644 3556 683 3614 ad
696 3555 835 3630 Leonem,
854 3555 906 3629 qui
923 3557 997 3614 tunc
1011 3570 1134 3633 στρατη-

170 3664 315 3716 Georgius
328 3666 489 3708 Monachus
503 3666 538 3706 ed
553 3666 582 3705 de
596 3666 664 3705 Boot.
685 3664 705 3704 L
958 3669 974 3707 θ
