2617 3909
521 238 711 290 XPONIKON
1063 235 1126 300 109

112 384 197 466 λέγει.
237 379 373 467 (Αβραᾶμ
393 386 461 467 γᾶρ,
479 387 584 466 φησίν,
607 384 745 467 ἐγέννησε
763 385 815 446 τὸν
831 377 938 466 Ἰσαάκ,
953 379 1058 446 Ἰσαὰκ
1075 385 1127 446 τὸν
1234 438 1236 443 .

106 478 216 564 Ἥσαύ,
233 477 336 544 Ἠσαῦ
358 482 411 544 τὸν
428 479 572 565 Ῥαμονήλ
598 482 649 544 καί
671 483 724 544 τὸν
747 483 844 566 Ζαρᾶ,
873 483 957 568 Ζαρὰ
981 483 1032 544 τὸν
1052 476 1127 564 Ἰώβ.

112 575 191 661 εἶχεν
213 572 270 642 ούν
291 581 347 660 τήν
365 581 509 662 διαδοχήν
526 580 586 642 ἄπδ
603 592 658 643 τού
670 577 805 664 Ἀβραὰμ
823 581 865 656 είς
883 581 974 644 αύτὸν
991 605 1127 665 κατερχο-

112 677 208 758 μένην
230 677 281 740 διὰ
302 687 356 740 ’τοῦ
372 673 470 740 Ἦσαύ
494 679 639 740 δεικνύων
662 679 717 758 τῆν
739 679 837 761 ῥίζαν,
866 679 917 741 ἵνα
938 679 991 741 τὸν
1012 679 1128 760 καρπὸν

112 776 286 861 θαυμᾶσης,
310 777 354 838 ὅτι
376 775 393 836 ὁ
416 774 471 856 μὲν
492 778 604 858 πόρνος
626 768 667 856 ήν
689 776 739 837 καί
759 777 893 858 βέβηλος,
913 774 928 838 ὁ
947 775 980 839 δὲ
997 778 1127 859 σώφρων
1155 789 1167 838 ’σ

112 873 164 936 καί
192 875 298 954 σεμνὸς
325 872 419 956 λέγων
444 875 550 949 ούτως·
578 871 660 936 εἰδὲ
686 873 737 935 καί
759 874 1003 954 ἐπηκολούθησεν
1031 873 1128 953 δδφ-

112 972 231 1052 θαλμύς
254 995 312 1051 μου
331 970 452 1053 γυναικί
473 971 620 1056 ἀλλοτρίᾳ,
641 974 705 1033 καί·
729 973 882 1052 διαθήκην
905 971 1049 1053 διεθέμην
1065 979 1128 1046 τοῖς

113 1067 286 1149 ὀφθαλμοῖς
317 1093 384 1150 μου.
430 1070 467 1131 ού
501 1070 562 1149 μήν
593 1069 626 1132 δέ
658 1069 729 1131 ἄλλδι
760 1069 810 1132 καί
845 1067 920 1152 ὑπὲρ
952 1081 1011 1132 τῶν
1043 1071 1128 1132 ἰδίων
1163 1112 1165 1120 =

112 1164 226 1229 τέκνων
257 1170 369 1242 θυσίας
399 1169 567 1249 προσήγαγε
598 1162 671 1229 καθ’
701 1165 815 1250 ἡμέραν
848 1169 983 1246 φάσκων
1017 1169 1129 1249 μήποτε

112 1263 191 1325 κακὰ
214 1264 374 1345 ένενύησαν
402 1266 477 1348 πρὸς
498 1265 551 1326 τὸν
573 1266 656 1327 θεόν.
701 1265 820 1340 εἰκότως
843 1259 899 1327 σύν
921 1266 994 1346 ἔφη·
1016 1266 1067 1328 καί
1089 1258 1129 1346 ήν
1142 1287 1169 1328 10

112 1361 131 1424 δ
154 1360 317 1443 ἄνθρωπος
339 1362 450 1436 ἐκεῖνος
472 1361 636 1443 ἄμεμπτος,
659 1364 819 1444 θεοσεβής,
847 1363 897 1426 καί
919 1364 954 1425 τὰ
977 1364 1053 1444 ἑξῆς.
1099 1366 1131 1426 σί

112 1457 169 1539 μέν
191 1459 248 1542 γὰρ
270 1460 324 1534 ἔξω
348 1461 510 1540 φιλόσοφοι
531 1462 584 1523 τὸν
607 1461 679 1543 ἄρον
700 1471 753 1523 τοῦ
781 1460 946 1544 ἀνθρώπου
969 1462 1128 1543 δηλούντές
1143 1476 1168 1516 7⁷
1182 1474 1213 1514 M·

112 1571 220 1636 φασιν·
248 1555 411 1640 ἄνθρωπός
442 1557 502 1619 έστι
532 1561 608 1632 ζῶον
637 1559 756 1641 λογικὸν
782 1562 906 1640 θνητόν.
951 1559 971 1642 ή
1000 1559 1031 1623 δὲ
1058 1563 1129 1623 θεία

113 1655 217 1737 γραφὴ
235 1655 290 1736 ούχ
308 1657 418 1736 οὕτως,
440 1650 519 1717 ἄλλ’·
542 1654 704 1740 ἄνθρωπός
722 1657 800 1719 ἔστιν
817 1656 980 1740 ἄμεμπτος,
1004 1660 1127 1739 δίκαιος,

112 1753 275 1834 θεοσεβής,
298 1753 476 1834 ἀπεχόμενος
503 1753 562 1816 ἀπὸ
589 1755 700 1828 παντὸς
726 1767 862 1838 πονηροῦ
885 1758 1064 1839 πράγματος,
1088 1755 1127 1830 ὡς
1141 1776 1168 1818 τε

112 1851 183 1932 ὅγε
205 1852 322 1924 τούτοις
344 1851 385 1931 μή
409 1851 667 1934 μεμαρτυρημένος
690 1852 760 1915 ούδὲ
783 1853 945 1936 ἄνθρωπος
967 1854 1040 1916 ἀλλὰ
1058 1864 1129 1934 κτῆ-

112 1971 176 2022 νος.
223 1947 276 2011 ίδιν
297 1948 354 2031 γὰρ
381 1949 437 2030 ἔχει
464 1949 516 2010 τὸν
537 1960 705 2034 χαρακτῆρα
727 1961 779 2032 τῆς
803 1953 935 2033 φύσεως,
962 1953 1073 2035 ύβρίζει
1096 1951 1128 2013 δὲ

111 2046 207 2108 αὐτὸν
229 2055 265 2132 τῆ
288 2048 377 2131 κακίμ
398 2056 451 2127 τῆς
473 2046 679 2129 προαιρέσεως,
702 2047 858 2111 ἀκούσεται
879 2049 960 2132 παρὰ
980 2059 1033 2111 τοῦ
1054 2071 1129 2131 προ-

113 2145 215 2223 φήτον
238 2143 387 2225 λέγοντος·
410 2143 573 2228 ἄνθρωπος
599 2145 633 2207 έν
653 2157 723 2232 τιμῆ
752 2144 795 2208 δον
818 2146 854 2209 ού
878 2157 1017 2227 συνῆκεν,
1039 2170 1128 2229 παρε-

112 2242 289 2322 συνεβλήθη
311 2248 373 2317 τοῖς
395 2243 514 2322 κτήνεσι
535 2250 597 2317 τοῖς
619 2243 759 2323 ἀνοήτοις
781 2244 831 2306 καί
854 2243 999 2325 ὡμοιώθη
1018 2245 1127 2319 αύτοῖς.
1142 2263 1169 2304 εο

172 2335 288 2421 Ὥσπερ
315 2342 419 2401 τοίνυν
448 2339 496 2402 έπί
522 2350 574 2420 τῆς
601 2351 706 2422 κοινῆς
733 2344 911 2423 συνηθείας,
938 2341 1057 2404 ἕπειδᾶν
1084 2365 1129 2416 τις

189 2527 299 2582 6Hi0b
318 2534 362 2597 91,
381 2535 405 2584 9.
425 2559 459 2570 -
479 2535 494 2583 7
513 2528 588 2584 Hiob
608 2534 656 2598 31,
676 2537 700 2585 1.
719 2561 754 2571 -
774 2535 789 2585 9
808 2529 882 2584 Ηίοο
903 2535 932 2598 1,
951 2535 975 2584 5.
1000 2563 1033 2572 -
1059 2537 1127 2586 10-

113 2604 150 2654 90
168 2598 396 2668 Pseudo-chrys.
418 2601 453 2654 ι’ύ.
475 2607 491 2654 2
515 2600 611 2672 Migne
630 2607 682 2656 669
697 2603 759 2656 init.
784 2634 818 2642 -
842 2607 875 2656 10
898 2601 972 2656 Hiob
996 2609 1026 2672 1,
1046 2610 1069 2657 1.
1095 2636 1126 2646 -

115 2675 150 2725 19
173 2668 268 2724 ΡεκΙω
291 2677 325 2725 48
348 2675 418 2741 (49),
442 2675 483 2725 19.
509 2704 541 2712 -
571 2679 678 2743 91-μ.
704 2678 769 2741 110,
794 2678 809 2726 9
835 2672 1063 2744 Pseudo-Ome.
1091 2677 1126 2731 ι’δ.

114 2741 203 2796 Sem.
218 2741 302 2810 IIL1.
322 2742 418 2813 Migne
437 2747 489 2796 570
507 2745 557 2799 εκύ
574 2745 623 2812 fin.

189 2897 205 2945 2
224 2897 294 2960 ζαρᾶ
312 2893 343 2947 Μ
360 2901 386 2949 εί
400 2896 494 2964 μείονι
512 2895 569 2950 loco
582 2894 609 2948 H
632 2895 702 2962 ζοίρα
715 2895 769 2948 BR
787 2894 871 2965 ζᾶρεδ
887 2896 917 2951 F.
938 2929 971 2936 -
993 2903 1023 2952 11
1044 2897 1096 2966 ἄμε
1116 2927 1129 2936 -

113 2971 272 3026 πτας-14
296 2965 370 3021 ἐστιν
395 2983 445 3022 om.
471 2965 502 3021 G.
525 2998 559 3006 —
586 2967 728 3036 ἄμεμπτος
753 2964 863 3030 δίκαιος
883 2966 1020 3039 θεοσεβής
1041 2967 1091 3020 BF

113 3035 158 3105 (ίκ
175 3033 213 3089 V:
239 3035 290 3106 ἄμε
310 3055 379 3098 πτος
401 3038 449 3091 καὶ
471 3036 621 3109 θεοσεβής,
643 3039 691 3093 σεδ
713 3037 762 3091 καί
780 3037 916 3110 θεοσεβής
938 3042 1006 3094 m.2
1023 3039 1055 3092 ίκ
1073 3038 1129 3094 loeo

113 3107 242 3177 εοακίδο)
266 3111 376 3170 δκαιος
393 3110 536 3179 θεοσεβεῖς
553 3111 591 3175 Δ,
614 3109 646 3162 ίκ
668 3125 721 3178 quo
745 3108 885 3179 ἄμεμπτος
906 3127 940 3163 ιιι.
955 3114 972 3162 1
988 3125 1042 3176 εμν.
1061 3125 1128 3162 νινε.

115 3177 257 3247 ἄμεμπτος
275 3179 323 3232 καί
340 3178 477 3250 θεοσεβής
489 3179 522 3233 R.
542 3211 575 3219 -
596 3185 628 3233 13
644 3197 731 3249 φησιν
749 3180 812 3234 MV.
832 3213 865 3220 —
886 3186 919 3233 17
935 3180 982 3270 έχη
996 3178 1128 3232 BDFGL

115 3247 168 3302 RV
183 3249 250 3322 (ἔχει
263 3251 346 3305 etiam
358 3249 413 3320 W).
428 3281 463 3290 —
479 3247 576 3321 δβρίζη
590 3249 621 3303 Μ
633 3258 659 3305 et
672 3251 694 3303 L
708 3269 742 3306 m.
757 3255 783 3306 2.
804 3283 837 3292 -
858 3256 891 3304 18
909 3269 987 3318 παρα
1005 3267 1055 3305 σοι.
1071 3250 1128 3304 BF.

115 3349 151 3360 --
171 3325 204 3374 19
223 3320 460 3392 παρασυνεβλήθη
478 3321 559 3375 BFL.

189 3477 205 3525 6
216 3469 304 3536 ούτως
311 3489 362 3527 om.
370 3472 400 3525 P.
408 3505 441 3512 -
451 3478 599 3543 9προσῆγε
608 3473 631 3526 Ρ
640 3472 806 3544 (προσέφερε
816 3471 897 3542 obs).
908 3502 942 3511 -
954 3477 987 3526 19
996 3488 1129 3540 παρεσυν.

115 3542 320 3682 Ξρῖρήμμιηήτοις
333 3543 444 3611 κτήνεσι
458 3543 480 3597 Ρ
497 3546 544 3599 σεδ
556 3545 645 3615 siquis
658 3546 722 3600 add.
738 3545 786 3616 ίιμ.
802 3560 855 3599 esse
867 3562 933 3610 παρ.
949 3542 1060 3610 κτήνεσι
1073 3551 1131 3605 τοῖς
