2617 3909
517 235 708 287 XPONIKON
1055 233 1121 299 369

105 380 250 460 κέκληκεν
277 378 296 459 ή
323 381 434 462 γραφή.
478 382 634 462 παρευθὺς
663 381 718 464 γὰρ
747 383 817 463 μετὰ
843 384 898 464 τήν
921 381 1066 469 ἁμαρτίαν
1088 385 1121 448 τὸ

107 478 246 552 συνειδὸς
276 479 437 558 πλήττεται.
488 478 538 541 καί
571 477 586 540 δ
619 482 725 560 Σίμων
757 483 863 561 φησίν·
895 483 923 544 εί
953 483 1122 565 πρόγνωσιν

106 571 186 657 εἶχεν
209 576 225 640 δ
245 571 352 658 Ἀδάμ,
380 578 431 639 διὰ
452 580 482 639 τί
502 578 540 640 ού
562 577 697 661 προέγνω
725 579 780 659 τήν
803 579 852 642 διὰ
875 589 928 641 τοῦ
952 577 1049 660 όφεως
1072 579 1122 643 καλ

107 684 163 755 τῆς
193 675 335 757 γυναικδς
365 675 496 756 ἀπώτην;
527 675 579 738 καί
603 675 628 739 ’δ
656 675 780 760 Πέτρος·
812 678 841 739 εί
869 678 1038 760 πρόγνωσιν
1065 679 1122 741 οόκ

105 768 195 854 είγεν,
218 783 282 846 πῶς
303 779 366 848 τοῖς
386 775 465 848 υίοῖς
487 774 580 836 αὐτοῦ
601 775 677 857 πρὸς
696 774 748 848 τδις
766 775 906 855 ἐσομένας
923 777 1043 857 πράξεις
1061 778 1122 857 ἅμα
1149 797 1162 838 ο

105 877 148 955 τῷ
167 876 354 952 γεννηθῆναι
370 871 518 951 ἐπέθηκεν
535 870 680 952 όνόματα;
698 872 750 934 τόν
768 873 824 956 γὰρ
841 875 1028 955 πρωτότοκον
1047 873 1122 937 ώνό-

106 986 183 1048 μασε
200 969 292 1050 Κώϊν,
310 969 328 1031 ό
345 969 405 1032 ἐστι
423 973 518 1051 ζῆλος,
539 967 573 1044 δς
589 970 642 1032 καί
660 972 791 1051 ζηλώσας
808 970 904 1033 ἀνεῖλε
921 973 973 1035 τόν
991 972 1123 1052 ἀδελφὸν

107 1067 204 1129 αὐτοῦ
219 1063 320 1148 Ἅβελ,
349 1065 365 1129 ὃ
392 1067 581 1149 ἑρμηνεύεται
606 1068 733 1142 πένθος·
764 1064 811 1132 ἐπ’
837 1069 915 1154 αύτῷ
938 1069 994 1152 γὰρ
1016 1071 1122 1155 πρώτω

106 1163 290 1242 φονευθέντι
316 1163 490 1245 ἐπένθησαν
516 1168 548 1228 οί
571 1173 676 1248 γονεῖς.
722 1167 750 1229 εί
770 1165 803 1228 δέ
823 1163 916 1247 Ἀδόιμ
938 1168 1024 1250 ἔργον
1047 1174 1122 1230 θεοῦ

107 1262 160 1323 καί
181 1265 296 1344 ποίημα
318 1262 488 1346 πρόγνωσιν
509 1259 595 1346 εἶχεν,
616 1269 715 1350 πολλῷ
734 1271 845 1345 μᾶλλον
865 1263 882 1326 δ
900 1266 1123 1348 δημιουργήσας
1137 1285 1164 1326 ιο

107 1359 201 1422 αύτδν
223 1361 303 1435 θεός.
340 1361 463 1444 ὅτιγὰρ
486 1360 579 1436 όντως
600 1363 796 1445 προγινώσκει
814 1361 830 1425 δ
849 1362 931 1444 θεός,
955 1361 1030 1443 φησί
1048 1363 1123 1446 πρὸς

107 1458 162 1520 τδν
188 1453 334 1541 Ἀβραάμ·
370 1460 526 1541 γινώσκων
560 1451 686 1542 γίνωσκε
722 1461 767 1522 δτι
802 1462 948 1542 πάροικον
979 1461 1058 1523 ἔσται
1089 1461 1122 1524 τδ

109 1554 225 1636 σπέρμα
247 1574 302 1618 σου
324 1557 357 1619 έν
378 1567 417 1642 γῆ
441 1556 591 1643 ἀλλοτρία,
613 1558 663 1620 καὶ
686 1559 889 1620 δουλώσουσιν
911 1558 984 1621 αύτδ
1006 1559 1058 1638 ἔτη
1079 1555 1122 1639 ν’,

107 1654 141 1715 τό
165 1652 199 1716 δέ
217 1655 317 1735 ἔθνος,
339 1642 430 1740 ᾧέδιν
448 1657 659 1738 δουλεύσωσιν,
681 1666 774 1739 κρινῶ
791 1657 855 1739 ἐγώ.
892 1656 963 1737 μετὰ
981 1651 1013 1719 δέ
1031 1667 1123 1718 ταῦτα

106 1751 308 1826 ἐξελεύσονται
330 1745 393 1815 δδε·
415 1752 487 1832 μετὰ
508 1751 676 1834 ἀποσκευῆς
697 1759 816 1835 πολλῆς.
861 1754 899 1816 σύ
922 1753 954 1818 δέ
977 1754 1122 1839 ἀπελεύση
1137 1774 1164 1816 ιο
1177 1779 1217 1820 ωε
1230 1779 1262 1820 ιι

105 1851 185 1932 πρός
206 1851 276 1924 τούς
297 1849 425 1933 πατέρας
446 1869 502 1913 σου
525 1849 586 1932 μετ’
607 1853 730 1934 εἰρήνης
746 1852 868 1935 τραφείς
885 1852 918 1914 έν
935 1852 1020 1935 γήρει
1037 1858 1123 1937 καλῷ,

107 1949 229 2034 τετάρτη
253 1947 285 2011 δέ
307 1957 393 2035 γενεᾷ
415 1948 696 2032 ἀποστραφήσονται
718 1941 783 2011 ὧδε.
829 1947 912 2012 οὔπω
934 1949 990 2031 γδιρ
1014 1949 1123 2012 ἀναπε-

106 2047 279 2129 πλήρωνται
307 2049 341 2109 αλ
366 2045 504 2128 ἁμαρτίαι
533 2057 593 2108 τών
612 2043 796 2129 Ἀμορραίων
822 2046 878 2120 έως
904 2057 957 2109 τοῦ
984 2057 1050 2108 νῦν.
1095 2049 1126 2110 τί

105 2144 154 2206 δέ’
184 2143 249 2225 οόχλ
276 2143 326 2205 καί
348 2147 487 2223 Μωῦσῆς
513 2142 564 2205 καί
586 2145 618 2205 οί
639 2143 738 2206 λοιποί
760 2155 912 2225 προφῆται
934 2144 972 2206 τὰ
992 2143 1123 2228 ἁμαρτή-

108 2263 188 2322 ματα
204 2251 258 2303 τού
273 2237 388 2323 Ἰσραήλ
405 2239 456 2302 καλ
474 2240 529 2320 τήν
546 2240 706 2304 ἀπείθειαν
723 2242 816 2304 αὐτοῦ
834 2242 909 2326 πρὸς
927 2242 979 2304 τόν
992 2242 1122 2325 Χριστὸν
1136 2265 1163 2306 το

107 2339 160 2401 καί
182 2339 237 2417 τὴν
258 2339 302 2413 είς
323 2339 360 2400 νδι
380 2337 459 2418 ἔθνη
480 2339 579 2400 πάντα
600 2339 765 2422 διασπορὰν
786 2339 879 2401 αὐτοῦ
896 2339 1122 2423 προεδήλωσανς

182 2526 277 2574 ε-ιι
298 2518 382 2574 clem.
403 2521 419 2574 ι.
440 2519 457 2574 z.
476 2537 516 2588 φ.
536 2525 578 2573 ιτ.
594 2525 628 2572 43
646 2519 743 2590 Mjgne
763 2520 856 2574 140A.
882 2551 914 2560 -
940 2525 1123 2590 11-p.370‚

106 2597 125 2644 ’2
144 2592 182 2647 ib.
192 2592 291 2661 ρανίλο
305 2598 376 2661 μυσί.
396 2622 429 2632 -
450 2596 483 2645 12
502 2589 742 2660 θοα.16,13εης.

184 2748 198 2795 1
217 2743 349 2809 παρευθύ
368 2740 424 2795 ΟΕ.
445 2774 478 2783 -
498 2744 515 2796 ό
532 2741 578 2815 τῷ]
596 2741 627 2796 λδ
647 2740 760 2795 ΟΒΕΡ.
780 2773 813 2782 -
838 2748 854 2796 8
872 2761 894 2798 τι
912 2743 983 2798 ώτον
1000 2742 1025 2796 Α
1047 2751 1123 2810 πρώ-

107 2832 161 2868 τον
174 2813 201 2866 Ν
217 2814 334 2882 πρώτως
350 2813 381 2867 Β.
402 2846 435 2854 -
456 2816 488 2866 12
507 2810 747 2938 γίνωστρεγὶρνώση
761 2811 863 2868 VGen.
875 2763 959 2868 Οδοσι.
983 2814 1082 2883 γνώσει
1097 2813 1123 2866 Α

111 2884 255 2952 γινώσκων
274 2884 320 2954 έση
339 2884 374 2938 N.
394 2917 427 2925 -
448 2890 481 2938 18
500 2886 575 2939 αύτῶ
677 2885 709 2938 R.
729 2917 764 2924 —
783 2885 898 2940 δουλώσ.
918 2885 987 2939 αύτδ
1005 2885 1055 2939 καί
1072 2905 1123 2938 κα-

109 2955 248 3010 κώσουσιν
262 2956 331 3011 αότδ
345 2956 425 3027 (αὐτὸ
439 2973 489 3011 ονε.
504 2955 536 3025 δ’)
549 2956 600 3009 BF
614 2973 648 3010 ιω
662 2955 730 3010 Gen.
745 2987 779 2996 —
800 2961 833 3009 14
847 2956 1027 3012 δουλεύσουσι
1040 2955 1122 3010 AFV.

109 3057 147 3066 -
166 3032 199 3080 15
214 3027 358 3082 ἀπελαύνει
371 3025 509 3081 AclvMP.
525 3058 558 3067 -
579 3031 611 3081 1⁷
627 3025 744 3096 τετάρτη
758 3025 790 3081 δέ
804 3025 886 3096 γενεὰ
899 3027 985 3081 ABD.
1001 3059 1035 3068 —
1052 3027 1123 3082 ἀκο-

111 3097 299 3167 στραφήσεται
312 3097 346 3152 N.
361 3131 397 3140 —
415 3103 450 3152 20
467 3097 520 3167 τήν
536 3098 608 3167 πρὸς
625 3099 677 3152 τδν
694 3119 735 3170 χρ.
750 3098 800 3152 BF
822 3099 872 3153 τδν
889 3098 962 3169 πρὸς
978 3119 1020 3169 γρ.
1035 3097 1072 3153 Μ.
1088 3130 1123 3139 -

112 3172 145 3221 21
164 3170 258 3224 πάντα
278 3187 328 3226 om.
342 3169 462 3225 AGlem.

185 3334 217 3384 18
236 3332 304 3386 Ροολ
321 3339 374 3386 νῦν
392 3329 414 3384 Ρ
432 3329 512 3384 σδώα
531 3328 601 3385 ούτω
620 3329 655 3398 δὴ
674 3330 723 3384 καί
740 3330 812 3398 πρὸς
829 3328 921 3399 μωσέα
938 3325 1037 3398 φησίν·
1058 3327 1122 3384 ἰδού

113 3400 146 3454 σύ
164 3400 297 3471 κοιμώσαι
320 3400 388 3472 μετὰ
406 3410 461 3456 τῶν
479 3400 607 3468 πατέρων
626 3419 676 3455 σου
697 3405 752 3455 κτλ.
771 3418 805 3456 κο
878 3400 916 3456 ad
933 3399 1008 3455 κακόι
1026 3399 1121 3454 πολλοί.

113 3476 158 3538 (=
176 3471 257 3527 Dent.
277 3479 320 3540 31,
341 3474 451 3542 16317)
476 3468 540 3527 οίδα
563 3471 616 3541 γὰρ
639 3473 690 3542 τήν
708 3491 799 3542 πονηρ
832 3481 960 3534 ν-τοῑς
983 3470 1122 3539 πατράσιν

110 3543 206 3598 αὐτῶν
215 3545 261 3614 (λθ.
271 3561 295 3599 υ,
304 3547 357 3614 21).
385 3547 487 3600 δοῦναι
500 3551 554 3614 γῆν
568 3540 689 3612 δέουσαν
701 3542 772 3614 γάλα
790 3544 840 3600 καλ
853 3541 913 3614 μέλι
926 3543 975 3598 καί
985 3541 1124 3613 φαγόντες

112 3614 162 3668 καὶ
180 3614 384 3686 ἐμπλησθέντες
403 3612 633 3687 έγκαταλείψουσί
651 3634 684 3684 με
703 3616 748 3686 (ib.
766 3633 790 3672 υ.
806 3618 858 3681 20).

167 3713 309 3767 Georgius
323 3715 482 3755 Monaohun
495 3714 530 3756 ed.
545 3714 573 3754 de
587 3715 654 3755 Βοοε,
668 3715 687 3755 1.
928 3710 962 3758 24
