2617 3909
539 263 728 316 Χεοααεοα
1072 263 1139 329 273

120 409 173 472 καλ
197 407 212 470 6
235 409 340 491 χρόνος
367 409 506 491 ἐδηλώθη
533 419 586 490 τής
609 415 740 493 Χριστοῦ
768 414 940 493 παρουσίας.
987 406 1070 488 ὅστις
1088 413 1138 475 καλ

111 507 297 589 ,φθονηθεὶς
324 507 384 571 ὑπὸ
411 518 470 570 τῶν
498 510 680 590 μεγιστάνων
707 509 757 571 διὰ
784 509 816 571 τό
839 511 971 592 μεγάλως
992 518 1137 591 τιμᾶσθαι

120 606 181 669 ύτιό
204 615 258 668 τού
281 605 422 687 βασιλέως
445 605 562 687 ἐβλήθη
584 606 617 668 ἐν
639 613 679 692 τῷ
698 608 796 693 λάκκῳ
819 618 878 670 τῶν
900 610 1034 672 λεόντων.

462 779 511 866 [ε’.
544 784 633 866 Περὶ
655 786 799 867 Κύρον.]

189 908 277 971 Μετὰ
300 907 332 971 δέ
355 913 497 992 Δαρεῖον.
511 909 677 990 ἐβασίλευσε
700 913 801 991 Κύρος
824 907 840 971 6
864 909 983 994 Πέρσης
1005 911 1054 993 ἔτη
1078 910 1136 994 λβ’.
1165 933 1179 972 5

119 1005 155 1081 ὃς
183 1005 296 1068 άνελόον
318 1012 447 1089 Δαρεῖον
475 1008 572 1087 πάσης
600 1007 740 1090 ἐκράτησε
766 1017 819 1088 τής
840 1019 911 1090 γῆς,
938 1009 993 1089 τήν
1020 1033 1050 1072 τε
1077 1021 1136 1071 τῶν

119 1105 281 1167 Χαλδαίων
308 1104 358 1166 καὶ
382 1099 546 1188 Ἀσσυρίων
573 1104 623 1166 καί
646 1109 771 1187 Περσῶν
799 1107 1003 1187 Παλαιστίνην
1029 1131 1059 1170 τε
1086 1107 1137 1169 καὶ

119 1214 220 1264 πᾶσαν
242 1203 297 1282 τὴν
318 1199 419 1264 Ἀσίαν
441 1202 491 1264 καί
513 1203 569 1282 τὴν
588 1204 703 1265 Λυδῶν
725 1205 876 1285 βασιλείαν
894 1202 1046 1285 ύπέταξεν,
1069 1204 1136 1266 άνε-

119 1301 180 1364 λδιν
198 1304 340 1420 Κροῖσον,
364 1299 403 1374 ὥς
425 1302 604 1383 προείρηται.
640 1295 690 1379 ἐφ’
716 1295 753 1363 ού
771 1302 888 1381 Δανιὴλ
909 1301 1142 1383 ἐπιφανέστερος

120 1398 310 1480 ύτιάρχων’
298 1397 340 1460 ε’τι
370 1397 421 1460 καί
452 1398 559 1460 τνΒό
534 1399 597 1478 Βὴλ
629 1416 718 1480 σνντρ
721 1400 794 1477 ίψας
825 1398 875 1461 καλ
906 1400 958 1461 τὸν
990 1400 1136 1481 δράκοντα
1151 1424 1177 1463 ιο

119 1497 271 1576 φονεύσας
293 1495 329 1557 τά
352 1497 519 1618 σεβάσματα
538 1500 664 1579 Περσῶν
686 1496 802 1577 ἐβλήθη
820 1496 942 1559 πάλινέ
942 1521 961 1558 ν
978 1504 1018 1582 τῷ
1036 1498 1134 1584 λάκκῳ

119 1605 179 1656 τῶν
203 1594 339 1674 λεόντων,
362 1587 453 1656 καλ
435 1618 474 1674 ην
496 1593 560 1655 ἐκεῖ
579 1591 744 1676 ὴμέρας’
711 1614 754 1674 ς,
777 1583 847 1655 ἐν
827 1618 851 1655 ω
866 1594 978 1668 λέοντες
1000 1588 1134 1676 ήσανξ,

117 1692 170 1755 καί
200 1692 310 1754 ἐδίδοτο
343 1692 444 1766 αὐτοῖς
476 1691 508 1753 τὸ
536 1685 608 1753 καθ’
638 1689 752 1814 ὴμέραν
779 1693 899 1772 σώματα
925 1690 958 1774 β’
985 1693 1035 1755 καί
1061 1696 1135 1777 πρό-

117 1787 251 1876 βαταβ
252 1789 347 1870 ,τότε
370 1787 402 1851 δέ
425 1789 481 1851 ούκ
504 1789 599 1869 ἐδόθη
622 1789 724 1863 αύτοῖς
746 1788 849 1871 ούδέν,
873 1791 923 1852 λ’να
945 1791 997 1854 τὸν
1019 1792 1135 1872 Δανιὴλ

118 1889 337 1970 καταφύγωσιν.
382 1886 432 1949 καί
460 1878 499 1968 ὴν
519 1881 693 1968 Ἀμβακούμ
715 1886 731 1950 6
759 1888 916 1970 προφήτης
943 1887 976 1950 ἐν
1003 1898 1038 1974 τή
1059 1883 1133 1951 Ἰον-
1148 1912 1174 1952 ιο

119 1987 190 2070 δαίρι
212 1985 262 2046 καλ
285 1985 405 2065 ήψησεν
427 1983 531 2065 ἕψημα
553 1984 603 2046 καλ
626 1983 796 2068 ἐνέθρνψεν
818 1984 927 2068 άρτους
948 1987 990 2059 είς
1013 1987 1134 2067 σκάφην
1173 2035 1177 2041 .

118 2083 170 2146 καλ
192 2084 345 2166 ἐπορεύετο
369 2083 411 2156 εἰς
433 2083 465 2146 τό
489 2084 592 2144 πεδίον
615 2081 774 2164 άπενέγκαι
796 2075 857 2156 τοῖς
880 2088 1039 2163 θερισταῖς.
1083 2084 1135 2146 καλ

118 2177 201 2245 εἶπεν
224 2179 344 2263 άγγελος
362 2181 468 2264 κνρίον
486 2181 561 2262 πρὸς
579 2180 682 2242 αύτόν·
701 2179 840 2262 ἀπένεγκε
858 2179 890 2241 τό
909 2179 1029 2262 άριστον
1047 2191 1133 2244 τοῦτο

119 2281 163 2353 εἰς
185 2281 350 2360 Βαβυλῶνα
372 2285 413 2363 τῷ
436 2279 551 2358 Δανιὴλ
573 2277 606 2340 ἐν
628 2285 667 2362 τῷ
687 2278 785 2364 λάκκῳ
808 2288 867 2339 τῶν
890 2277 1024 2340 λεόντων.
1061 2275 1077 2340 6
1101 2278 1134 2342 δέ

117 2393 227 2458 φησιν·
254 2378 357 2458 κύριε,
383 2378 550 2457 Βαβυλῶνα
576 2375 631 2457 ούχ
658 2375 773 2455 ἕάρακα
800 2375 852 2437 καλ
880 2376 932 2439 τὸν
959 2377 1068 2438 λάκκον
1095 2377 1132 2439 ού
1146 2398 1172 2438 εο

118 2475 254 2558 γινώσκω
281 2484 341 2536 ποῦ
369 2474 455 2536 ἐστιν.
501 2472 551 2535 καλ
577 2473 787 2554 ἐπιλαβόμενος
810 2472 826 2536 6
853 2471 974 2556 άγγελος
1000 2483 1054 2554 τὴς
1080 2497 1230 2537 uto-19⁸6

117 2581 219 2655 ρνφής
251 2571 343 2634 αύτού
375 2570 425 2633 καλ
456 2572 604 2652 βαστάσας
635 2571 746 2650 ἔθηκεν
777 2571 869 2633 αύτόν
896 2572 939 2645 είς
965 2574 1131 2653 Βαβυλῶνα

116 2671 217 2734 ἐπάνω
240 2679 293 2732 τού
316 2670 426 2731 λάκκον
450 2668 482 2730 ἐν
505 2675 545 2753 τῷ
567 2669 653 2755 ῥοίζῳ
677 2679 730 2730 τοῦ
753 2669 920 2749 πνεύματος
942 2670 1042 2733 αύτού.
1081 2670 1131 2733 καλ

117 2769 242 2849 ἐβόησεν
257 2763 430 2848 Ἀμβακούμ
450 2764 554 2848 λέγων·
572 2767 700 2848 Δανιήλ,
718 2768 843 2849 Δανιήλ,
861 2769 932 2849 λάβε
948 2769 981 2831 τὸ
999 2766 1130 2851 άριστον,

190 2936 223 2985 10
242 2929 293 2984 Bel
311 2931 341 2984 et
359 2929 449 2984 Draco
467 2946 491 2984 ν.
507 2933 539 2982 31
550 2946 604 2999 sqq.

189 3072 258 3127 όκύ
261 3070 536 3141 Qoe-ocABGLNR
557 3071 697 3127 θάνελὼν
714 3076 854 3162 κρολσον(
853 3072 957 3163 κρύσρν
971 3071 1002 3142 (λ)
1017 3070 1074 3126 CR.
1094 3105 1129 3115 —
1194 3093 1197 3098 ·

115 3144 168 3213 τήν
186 3163 216 3199 τε
234 3160 284 3199 om.
300 3142 394 3212 Κτήν
407 3162 438 3198 τε
451 3150 507 3197 των
521 3159 571 3233 ραι.
586 3143 670 3197 16-
691 3149 723 3197 11
742 3143 791 3197 καλ
804 3143 898 3198 παντα
910 3142 946 3197 τα
960 3144 1015 3214 σεβ.
1029 3151 1127 3199 τῶνπ.

116 3215 246 3270 καθελὼν
265 3214 370 3286 ἐβλήθη
389 3214 411 3267 F
434 3214 483 3268 καλ
500 3212 536 3267 τά
555 3216 609 3286 σεβ.
623 3233 652 3269 π.
670 3214 828 3276 καταλύσας
845 3214 950 3286 ἐβλήθη
968 3214 1055 3267 R.-

114 3307 168 3356 περ
171 3295 225 3342 σῶν
251 3286 365 3341 OF.-
391 3291 424 3339 13
448 3282 557 3341 ἐδίδοτο
581 3289 659 3356 (-ωτο
678 3285 737 3338 DM
759 3303 857 3340 -ονντο
876 3284 913 3355 Η)
933 3224 1129 3340 6616va
1094 3317 1128 3328 -

116 3365 151 3413 16
153 3308 341 3428 ρέψησενβψ
305 3357 414 3413 §.FN
431 3375 490 3412 εινε
507 3355 806 3425 ⁸126.A)AFNR.-
826 3355 952 3426 ἐψιμαῦ
975 3355 1026 3426 ἐψε
1083 3357 1128 3411 FP

113 3431 255 3555 ἐψαιριι
243 3429 330 3482 Η.-
318 3368 385 3482 ψ18
404 3429 419 3484 6
438 3427 554 3499 ἄγγελος
570 3427 682 3482 RV.-
699 3427 749 3482 τδν
768 3427 882 3496 ἄριστον
899 3436 1000 3483 τοῦτον
1069 3471 1074 3482 .

116 3507 185 3555 24τ
237 3499 360 3569 άριστον,
379 3497 460 3554 δ.νΒ

190 3647 223 3695 14
243 3640 327 3697 οὐδέν
345 3659 395 3697 ονε.
410 3641 499 3695 PBel.

171 3739 315 3792 Georgius
328 3741 487 3782 Monaohm
502 3739 536 3782 ed.
552 3739 579 3781 de
593 3741 661 3780 Boor.
681 3740 701 3780 1.
935 3735 968 3785 18
