2617 3909
161 177 230 244 104
477 177 864 232 ουςιοττοοιτοακκοο

160 326 251 408 μένον
272 325 347 407 ὑπὲρ
364 324 540 408 ἀνθρωπον,
562 324 773 407 ἀναμνήσθητι
790 325 956 406 παραυτίκα
974 333 1027 386 τοῦ
1045 321 1175 388 ἀποστό-

159 431 214 490 λου
237 425 415 504 φάσκοντος·
439 418 488 503 ἐφ’
514 425 586 487 ὅσον
608 423 720 506 λέγεται
740 433 832 486 ταῦτα
855 427 954 503 φυλῆς
976 421 1074 503 ἑτέρας
1092 422 1176 502 μετέ·

161 541 278 606 σγηκεν,
301 522 351 584 καλ
375 521 514 585 οάδίποτε
536 522 729 614 πλανηθηση.
832 559 835 564 -

224 615 473 700 Ἐματαιώθησαν
495 621 598 683 τοίνυν
621 620 654 683 ἐκ
676 618 832 701 διαμέτρου
851 620 917 680 λίαν
935 619 968 680 οί
987 617 1174 699 ἀπόπληκτοι

118 718 210 782 σκιαί
228 719 372 793 δυσώδεις
384 716 648 800 Μελχισεδεπιανολ
665 717 740 780 θεὸν
757 727 863 780 τοῦτον
880 717 970 795 φύσει
987 717 1176 792 πιστεύοντες

158 811 237 878 εἶναι
258 815 309 878 καλ
330 816 368 878 οῦ
388 816 503 896 θνητόν
521 815 697 898 ἀνθράκων,
720 816 794 878 ὅθεν
813 816 934 889 δικαίαις
951 815 1175 894 καταδικασθή-

160 933 262 976 σονται
292 912 372 995 παρὰ
399 923 471 996 τῆς
468 912 641 976 ἀδεκάστου
670 910 799 992 δίκης
782 937 823 987 ως
849 911 1097 996 ἀνθρωπολάτραι
1123 911 1175 974 καὶ

160 1022 195 1098 τῇ
224 1013 316 1076 κτίσει
341 1010 421 1093 παρὰ
447 1011 500 1074 τὸν
525 1013 664 1074 κτίσαντα
686 1011 893 1093 λατρεῦσαντες
915 1010 966 1072 διά
987 1010 1100 1090 πολλὴν
1122 1009 1175 1072 καί

159 1108 330 1191 ἕσγάτην”
310 1134 432 1189 ανοιαν,
459 1097 625 1190 μᾶλλονδὲ
652 1105 765 1188 τάληθί
765 1127 866 1190 στερον
889 1108 982 1170 είπειν
1003 1110 1174 1188 κτηνοοδίαν

33 1233 59 1274 τυ
72 1231 104 1272 M.
119 1213 189 1273 τοτε
211 1207 262 1270 παλ
285 1206 375 1271 δυσσί
374 1211 466 1289 βειαν.
510 1206 630 1282 εἰκότως
658 1198 713 1270 οάν
740 1206 806 1289 περὶ
832 1206 1055 1268 τῶντοιούτων
1078 1203 1094 1266 δ
1118 1203 1174 1286 μλν

160 1306 322 1380 ἀπόστολος
340 1306 448 1387 ἔλεγεν
466 1304 697 1385 ἐματαιώθησαν
715 1304 747 1369 ἐν
765 1310 827 1379 τοῖς
845 1305 1044 1386 διαλογισμοῖς
1063 1303 1173 1390 αὐτῶν,

159 1404 209 1467 καλ
232 1403 391 1484 ἐσκοτίσθη
414 1401 434 1483 ’ἡ
457 1401 598 1476 ἀσύνετος
622 1401 722 1464 αὐτῶν
748 1404 864 1484 καρδία.
909 1402 1074 1481 φάσκοντες
1096 1396 1174 1464 εἶναι

158 1502 251 1581 σοφοί
273 1501 501 1584 ἐμωράνθησαν,
523 1500 574 1564 καλ
594 1498 725 1580 ἤλλαξαν
746 1500 802 1580 τὴν
825 1501 917 1576 δόξαν
938 1509 991 1563 τοῦ
1012 1498 1173 1582 ἀφθάρτου
1287 1543 1288 1550 1

160 1606 236 1662 θεοῦ
259 1597 292 1661 ἕν
315 1597 477 1679 ὁμοιώματι
499 1603 640 1680 φθαρτοῦ
658 1597 832 1679 ἀνθρώπου.
870 1597 917 1660 διὸ
935 1596 985 1658 καί
1002 1595 1174 1679 παρέδωκεν

120 1719 147 1760 το
161 1696 271 1769 ἀὐτοὺς
294 1693 310 1756 ό
332 1696 405 1770 θεός
426 1695 460 1758 ἐν
481 1702 547 1770 ταῖς
569 1696 743 1774 ἐπιθυμίαις
769 1706 829 1758 τῶν
855 1697 986 1776 καρδιῶν
1009 1694 1108 1757 αὐτῶν
1131 1697 1173 1769 είς
1288 1743 1289 1764 ,

160 1794 305 1874 ἀδόκιμον
326 1802 402 1856 νοῦν
424 1792 474 1855 καί
496 1794 538 1866 είς
561 1794 648 1872 πάθη
671 1792 797 1874 ἀτιμίας.
842 1795 969 1867 οἵτινες
993 1794 1173 1874 μετήλλαξαν

161 1893 216 1973 τὴν
238 1890 384 1971 ἀλήθειαν
407 1901 460 1954 τοῦ
482 1897 558 1954 θεοῦ
582 1891 614 1954 ἐν
636 1898 677 1976 τῷ
699 1892 806 1969 ψεύδει
827 1891 878 1954 καί
896 1891 1103 1972 ἐσεβάσθησαν
1123 1891 1174 1954 καλ
1289 1926 1290 1950 τ

160 1991 335 2074 ἐλάτρευσαν
357 1999 393 2075 τῇ
415 1991 507 2052 κτίσει
528 1989 609 2072 παρὰ
625 1990 679 2053 τόν
696 1991 844 2068 κτίσαντα,
868 1991 901 2064 ὅς
919 1989 997 2052 ἐστιν
1015 1989 1173 2072 εὐλογητὸς

160 2090 202 2163 είς
224 2088 294 2162 τοὺς
317 2088 437 2169 αἰῶνας,
459 2086 549 2167 ἀμήν.
594 2086 610 2150 δ
634 2086 668 2150 δὲ
690 2087 835 2168 Σολομόιν
858 2085 998 2161 ὡσαύτως
1020 2087 1093 2169 ἔφη·
1117 2088 1173 2168 μά-
1289 2081 1290 2088 ¹

120 2209 147 2249 ιο
160 2210 237 2250 ταιοι
260 2185 314 2267 μὲν
336 2185 392 2268 γάρ
414 2186 521 2259 πάντες
543 2182 701 2267 ἀνθρώποι
724 2187 824 2267 φάσει,
846 2180 892 2260 οίς
914 2185 1052 2268 πάρεστιν
1075 2184 1173 2268 ἀγνω-

159 2286 209 2348 σία
231 2291 316 2348 θεοῦ.
347 2285 409 2344 καί·
434 2283 545 2360 σποδὸς
563 2280 582 2362 ἡ
601 2285 709 2366 καρδία
732 2284 831 2346 αὐτῶν
849 2283 900 2346 καλ
916 2293 972 2366 γῆς
990 2282 1173 2364 εότελεστίρα

158 2380 180 2462 ἡ
202 2381 284 2458 ἐλπὶς
305 2379 415 2460 αὐτῶν,
438 2381 483 2443 ότι
500 2379 654 2462 ἠγνόησαν
672 2382 725 2445 τὸν
742 2381 907 2460 ποιήσαντα
925 2380 1035 2456 αὐτοὺς
1052 2380 1104 2444 καλ
1121 2381 1175 2444 τόν

159 2480 364 2560 ίμπνεόσαντα
382 2479 483 2553 αὐτοῖς
501 2479 605 2560 ψυχὴν
622 2478 731 2564 νοεράν
748 2477 798 2542 καί
815 2479 868 2542 τόν
886 2478 1099 2559 ίμφυσόσαντα
1118 2478 1174 2540 αό-

159 2584 221 2652 τοῖς
242 2585 360 2656 πνεῦμα
382 2577 511 2650 ξωτικόν.

231 2799 247 2847 τ
266 2792 350 2848 Hebr.
366 2796 391 2861 τ,
406 2797 498 2848 111-
517 2797 533 2846 ο
551 2793 631 2849 Rom.
648 2800 672 2862 1,
687 2798 729 2848 το.
745 2825 778 2835 -
799 2797 903 2847 11-19
922 2793 1002 2847 Rom.
1018 2799 1043 2862 1,
1057 2797 1174 2848 ττ-ιο.

159 2863 593 2936 -198ορ13,1;15,1ουρ.
957 2894 960 2900 ·
996 2895 998 2899 ·

231 3031 296 3088 λλί
295 3032 489 3126 γοντοςΝ.-
509 3031 825 3096 ὅδυσσόδειςΒΟΗΜ
843 3037 869 3088 et
883 3049 954 3088 rece
968 3031 1086 3101 quidam
1108 3035 1174 3087 λυσ-

160 3106 258 3170 σώδεις
276 3105 354 3161 P.
375 3104 458 3194 φάσει
475 3112 575 3159 τοῦτον
593 3104 647 3158 BR
668 3104 751 3173 φάσει
770 3123 820 3159 om.
835 3104 939 3159 Fff-
960 3108 1044 3159 θλατ
1045 3103 1177 3172 ρεάοντες

158 3177 275 3230 ΒΝ-
296 3182 328 3231 12
349 3175 432 3245 φάσκ.
469 3175 505 3244 ἀρ
524 3171 598 3230 εἶναι
616 3174 704 3230 Ν.-
725 3181 758 3230 13
777 3175 930 3244 λλαξαντο
945 3175 1060 3228 BR
1080 3179 1113 3228 15
1133 3175 1177 3239 είς

158 3253 233 3301 -13
252 3247 327 3316 ἀμην
345 3264 395 3302 om
411 3197 505 3299 ΒΝΝ.ρ
500 3249 616 3300 -σολο
618 3245 943 3316 μώνΑΒΟΝθΜΝμ-
963 3251 997 3300 20
1016 3245 1066 3316 μὲν
1085 3246 1175 3301 omF

158 3325 185 3373 et
201 3333 271 3372 rece.
287 3318 464 3387 quidamae
482 3317 536 3388 γὰρ
555 3333 605 3372 om.
620 3317 736 3372 BG.-
754 3324 787 3372 21
807 3327 857 3372 τοῦ
875 3321 947 3373 θεοῦ
965 3267 1035 3372 ΝΝμ
1168 3348 1170 3353 ·

157 3480 185 3609 ’ἰ
222 3491 249 3610 ῑθ
269 3483 391 3611 σεβαρθί
390 3505 452 3550 ντες
469 3485 518 3540 καί
536 3486 734 3553 λατρεῦσαντες
751 3486 913 3541 ΡΝοιημ-
933 3484 1176 3557 θτάληθίστερον

158 3575 251 3612 επεν
267 3573 311 3611 om
